20141102 170018643,0.997650,0.988300,0
20141102 170019643,0.968100,0.968250,0
20141102 170030893,0.957600,0.988300,0
20141102 170031143,0.987700,0.998300,0
20141102 170036143,0.987650,0.988250,0
20141102 170039393,0.987600,0.988200,0
20141102 170043643,0.987600,0.988250,0
20141102 170043893,0.987650,0.988250,0
20141102 170044643,0.987700,0.988400,0
20141102 170044893,0.987750,0.988400,0
20141102 170045393,0.987700,0.988350,0
20141102 170045643,0.987650,0.988300,0
20141102 170045893,0.987700,0.988350,0
20141102 170100393,0.987650,0.988300,0
20141102 170105643,0.987700,0.988350,0
20141102 170107893,0.987710,0.988400,0
20141102 170108393,0.987800,0.988400,0
20141102 170110143,0.987750,0.988400,0
20141102 170112643,0.987650,0.988400,0
20141102 170113893,0.987710,0.988400,0
20141102 170114143,0.987800,0.988400,0
20141102 170115643,0.987650,0.988400,0
20141102 170118143,0.987750,0.988400,0
20141102 170126393,0.987710,0.988400,0
20141102 170126643,0.987800,0.988400,0
20141102 170136393,0.987700,0.988270,0
20141102 170137643,0.987700,0.988400,0
20141102 170137893,0.987650,0.988350,0
20141102 170138143,0.987750,0.988400,0
20141102 170143893,0.987610,0.988200,0
20141102 170144143,0.987610,0.988400,0
20141102 170144393,0.987750,0.988400,0
20141102 170145643,0.987700,0.988350,0
20141102 170205393,0.987650,0.988300,0
20141102 170205643,0.987700,0.988350,0
20141102 170214143,0.987750,0.988400,0
20141102 170216393,0.987700,0.988350,0
20141102 170223143,0.987750,0.988400,0
20141102 170226643,0.987700,0.988350,0
20141102 170236643,0.987750,0.988400,0
20141102 170242643,0.987750,0.988350,0
20141102 170245143,0.987700,0.988300,0
20141102 170247143,0.987720,0.988350,0
20141102 170251143,0.987750,0.988350,0
20141102 170251393,0.987720,0.988350,0
20141102 170259893,0.987750,0.988350,0
20141102 170301143,0.987700,0.988300,0
20141102 170303643,0.987720,0.988350,0
20141102 170307143,0.987730,0.988350,0
20141102 170307643,0.987720,0.988350,0
20141102 170308143,0.987700,0.988350,0
20141102 170308393,0.987700,0.988300,0
20141102 170311143,0.987750,0.988350,0
20141102 170311893,0.987800,0.988350,0
20141102 170313160,0.987750,0.988350,0
20141102 170313393,0.987800,0.988380,0
20141102 170315143,0.987750,0.988350,0
20141102 170323393,0.987730,0.988350,0
20141102 170323643,0.987750,0.988350,0
20141102 170323910,0.987750,0.988370,0
20141102 170324143,0.987750,0.988350,0
20141102 170324643,0.987700,0.988270,0
20141102 170333143,0.987700,0.988340,0
20141102 170333393,0.987750,0.988340,0
20141102 170335143,0.987750,0.988400,0
20141102 170340893,0.987720,0.988350,0
20141102 170341143,0.987710,0.988350,0
20141102 170341393,0.987700,0.988270,0
20141102 170341643,0.987710,0.988350,0
20141102 170345143,0.987700,0.988270,0
20141102 170345393,0.987710,0.988350,0
20141102 170346143,0.987730,0.988350,0
20141102 170347143,0.987700,0.988350,0
20141102 170348893,0.987650,0.988240,0
20141102 170350643,0.987660,0.988350,0
20141102 170350893,0.987700,0.988350,0
20141102 170353893,0.987700,0.988240,0
20141102 170354143,0.987660,0.988350,0
20141102 170354393,0.987700,0.988350,0
20141102 170359393,0.987700,0.988260,0
20141102 170359643,0.987700,0.988300,0
20141102 170359893,0.987690,0.988350,0
20141102 170400143,0.987700,0.988350,0
20141102 170408893,0.987750,0.988170,0
20141102 170409143,0.987580,0.988350,0
20141102 170409393,0.987600,0.988350,0
20141102 170415143,0.987670,0.988350,0
20141102 170415393,0.987700,0.988350,0
20141102 170416893,0.987550,0.988300,0
20141102 170425393,0.987580,0.988300,0
20141102 170425643,0.987650,0.988300,0
20141102 170436393,0.987600,0.988200,0
20141102 170436643,0.987590,0.988300,0
20141102 170436893,0.987650,0.988300,0
20141102 170440143,0.987600,0.988350,0
20141102 170443893,0.987560,0.988300,0
20141102 170444657,0.987600,0.988350,0
20141102 170445143,0.987600,0.988240,0
20141102 170445393,0.987600,0.988200,0
20141102 170448143,0.987550,0.988250,0
20141102 170448393,0.987650,0.988250,0
20141102 170500907,0.987650,0.988240,0
20141102 170501143,0.987700,0.988250,0
20141102 170501407,0.987650,0.988380,0
20141102 170501643,0.987650,0.988390,0
20141102 170503393,0.987650,0.988380,0
20141102 170503643,0.987650,0.988390,0
20141102 170504143,0.987650,0.988320,0
20141102 170510643,0.987650,0.988330,0
20141102 170510893,0.987650,0.988200,0
20141102 170511893,0.987700,0.988200,0
20141102 170512893,0.987650,0.988200,0
20141102 170514643,0.987650,0.988170,0
20141102 170516643,0.987650,0.988180,0
20141102 170517893,0.987650,0.988340,0
20141102 170518143,0.987600,0.988340,0
20141102 170520143,0.987600,0.988180,0
20141102 170521893,0.987600,0.988340,0
20141102 170522143,0.987600,0.988350,0
20141102 170526143,0.987600,0.988200,0
20141102 170531393,0.987600,0.988350,0
20141102 170535393,0.987600,0.988290,0
20141102 170538643,0.987550,0.988090,0
20141102 170538893,0.987550,0.988210,0
20141102 170539143,0.987550,0.988150,0
20141102 170557143,0.987550,0.988160,0
20141102 170608643,0.987550,0.988140,0
20141102 170610643,0.987550,0.987980,0
20141102 170611143,0.987550,0.987990,0
20141102 170622643,0.987600,0.987990,0
20141102 170627893,0.987550,0.987940,0
20141102 170632143,0.987550,0.987950,0
20141102 170632893,0.987350,0.987730,0
20141102 170633143,0.987300,0.987760,0
20141102 170633393,0.987350,0.987750,0
20141102 170633643,0.987350,0.987800,0
20141102 170633893,0.987350,0.987750,0
20141102 170634143,0.987300,0.987800,0
20141102 170634393,0.987350,0.987800,0
20141102 170644643,0.987400,0.987800,0
20141102 170648393,0.987350,0.987800,0
20141102 170650393,0.987360,0.987850,0
20141102 170650643,0.987400,0.987850,0
20141102 170651643,0.987350,0.987820,0
20141102 170653393,0.987350,0.987830,0
20141102 170747140,0.987250,0.987590,0
20141102 170747390,0.987250,0.987560,0
20141102 170833140,0.987250,0.987540,0
20141102 170835640,0.987290,0.987560,0
20141102 170846890,0.987390,0.987630,0
20141102 170847140,0.987360,0.987590,0
20141102 170903390,0.987370,0.987610,0
20141102 170931890,0.987400,0.987640,0
20141102 171000640,0.987380,0.987590,0
20141102 171004890,0.987390,0.987610,0
20141102 171006640,0.987400,0.987630,0
20141102 171007390,0.987400,0.987650,0
20141102 171010640,0.987400,0.987670,0
20141102 171024390,0.987400,0.987630,0
20141102 171024640,0.987380,0.987600,0
20141102 171025640,0.987460,0.987680,0
20141102 171025890,0.987480,0.987690,0
20141102 171029890,0.987500,0.987710,0
20141102 171036140,0.987460,0.987670,0
20141102 171036390,0.987490,0.987700,0
20141102 171036890,0.987460,0.987670,0
20141102 171037140,0.987430,0.987650,0
20141102 171037890,0.987330,0.987600,0
20141102 171038140,0.987410,0.987630,0
20141102 171040640,0.987470,0.987690,0
20141102 171041640,0.987430,0.987650,0
20141102 171043640,0.987470,0.987700,0
20141102 171052140,0.987500,0.987720,0
20141102 171057890,0.987470,0.987690,0
20141102 171104140,0.987450,0.987670,0
20141102 171104390,0.987510,0.987700,0
20141102 171104640,0.987480,0.987700,0
20141102 171105890,0.987520,0.987740,0
20141102 171108390,0.987530,0.987760,0
20141102 171110140,0.987590,0.987810,0
20141102 171113140,0.987590,0.987830,0
20141102 171113640,0.987650,0.987890,0
20141102 171117640,0.987790,0.988010,0
20141102 171122390,0.987650,0.987860,0
20141102 171122640,0.987760,0.987970,0
20141102 171134390,0.987700,0.987970,0
20141102 171134640,0.987740,0.987950,0
20141102 171136390,0.987710,0.987970,0
20141102 171138140,0.987700,0.987940,0
20141102 171138390,0.987740,0.987960,0
20141102 171138640,0.987760,0.987970,0
20141102 171138890,0.987700,0.987940,0
20141102 171139140,0.987650,0.987880,0
20141102 171141640,0.987660,0.987900,0
20141102 171143890,0.987500,0.987710,0
20141102 171144140,0.987490,0.987690,0
20141102 171147890,0.987380,0.987590,0
20141102 171148140,0.987400,0.987630,0
20141102 171148390,0.987480,0.987680,0
20141102 171209890,0.987380,0.987620,0
20141102 171210140,0.987350,0.987590,0
20141102 171217890,0.987430,0.987680,0
20141102 171218890,0.987450,0.987700,0
20141102 171226640,0.987470,0.987710,0
20141102 171229890,0.987430,0.987670,0
20141102 171230140,0.987470,0.987720,0
20141102 171248640,0.987430,0.987680,0
20141102 171253640,0.987450,0.987700,0
20141102 171254390,0.987470,0.987720,0
20141102 171309140,0.987540,0.987810,0
20141102 171309390,0.987480,0.987730,0
20141102 171331140,0.987450,0.987690,0
20141102 171335390,0.987510,0.987750,0
20141102 171343890,0.987540,0.987790,0
20141102 171349140,0.987570,0.987800,0
20141102 171356890,0.987550,0.987780,0
20141102 171357140,0.987570,0.987800,0
20141102 171359390,0.987530,0.987760,0
20141102 171400640,0.987540,0.987770,0
20141102 171500890,0.987520,0.987750,0
20141102 171501153,0.987520,0.987720,0
20141102 171501890,0.987500,0.987720,0
20141102 171507890,0.987520,0.987720,0
20141102 171531140,0.987560,0.987790,0
20141102 171536637,0.987560,0.987800,0
20141102 171538887,0.987510,0.987760,0
20141102 171542137,0.987490,0.987740,0
20141102 171543137,0.987520,0.987760,0
20141102 171552387,0.987530,0.987830,0
20141102 171552637,0.987530,0.987850,0
20141102 171611387,0.987530,0.987880,0
20141102 171627137,0.987470,0.987850,0
20141102 171630387,0.987430,0.987810,0
20141102 171646387,0.987370,0.987760,0
20141102 171647637,0.987570,0.987810,0
20141102 171647887,0.987570,0.987890,0
20141102 171648887,0.987570,0.987910,0
20141102 171653137,0.987580,0.987850,0
20141102 171653387,0.987590,0.987880,0
20141102 171653887,0.987590,0.987910,0
20141102 171658887,0.987590,0.987880,0
20141102 171659137,0.987590,0.987860,0
20141102 171712137,0.987590,0.987830,0
20141102 171713637,0.987510,0.987810,0
20141102 171713887,0.987320,0.987590,0
20141102 171714137,0.987400,0.987670,0
20141102 171714387,0.987400,0.987750,0
20141102 171717137,0.987330,0.987560,0
20141102 171717387,0.987280,0.987550,0
20141102 171717637,0.987360,0.987750,0
20141102 171718137,0.987510,0.987800,0
20141102 171719387,0.987360,0.987790,0
20141102 171728387,0.987480,0.987780,0
20141102 171729637,0.987560,0.987870,0
20141102 171735387,0.987610,0.987900,0
20141102 171742387,0.987660,0.987900,0
20141102 171748387,0.987730,0.988030,0
20141102 171752137,0.987690,0.987990,0
20141102 171754387,0.987750,0.988050,0
20141102 171756387,0.987650,0.987910,0
20141102 171759137,0.987760,0.987920,0
20141102 171800387,0.987700,0.987910,0
20141102 171805637,0.987690,0.987910,0
20141102 171806637,0.987640,0.987900,0
20141102 171806887,0.987380,0.987680,0
20141102 171807137,0.987380,0.987590,0
20141102 171807387,0.987360,0.987590,0
20141102 171807887,0.987360,0.987410,0
20141102 171822373,0.987340,0.987410,0
20141102 171856887,0.987470,0.987640,0
20141102 171857137,0.987560,0.987810,0
20141102 171857387,0.987510,0.987820,0
20141102 171857637,0.987120,0.987280,0
20141102 171857887,0.987340,0.987540,0
20141102 171858137,0.987370,0.987540,0
20141102 171903623,0.987360,0.987600,0
20141102 171903887,0.987360,0.987610,0
20141102 171904637,0.987370,0.987630,0
20141102 171904887,0.987420,0.987660,0
20141102 171905137,0.987370,0.987630,0
20141102 171905387,0.987420,0.987670,0
20141102 171907387,0.987440,0.987750,0
20141102 171908387,0.987390,0.987750,0
20141102 171909887,0.987410,0.987670,0
20141102 171912887,0.987410,0.987690,0
20141102 171917887,0.987410,0.987710,0
20141102 172002887,0.987460,0.987730,0
20141102 172005887,0.987560,0.987790,0
20141102 172006387,0.987420,0.987700,0
20141102 172006637,0.987520,0.987750,0
20141102 172006887,0.987420,0.987690,0
20141102 172007137,0.987520,0.987730,0
20141102 172007387,0.987520,0.987750,0
20141102 172024137,0.987500,0.987720,0
20141102 172101387,0.987480,0.987700,0
20141102 172114887,0.987460,0.987690,0
20141102 172144887,0.987470,0.987700,0
20141102 172221887,0.987520,0.987770,0
20141102 172225137,0.987490,0.987710,0
20141102 172225387,0.987480,0.987710,0
20141102 172334150,0.987500,0.987730,0
20141102 172338900,0.987540,0.987770,0
20141102 172343400,0.987510,0.987740,0
20141102 172343650,0.987540,0.987770,0
20141102 172345150,0.987490,0.987720,0
20141102 172345400,0.987540,0.987770,0
20141102 172347900,0.987490,0.987730,0
20141102 172349650,0.987450,0.987690,0
20141102 172352650,0.987480,0.987720,0
20141102 172414650,0.987500,0.987740,0
20141102 172502150,0.987520,0.987760,0
20141102 172516400,0.987500,0.987740,0
20141102 172519150,0.987520,0.987760,0
20141102 172527900,0.987530,0.987760,0
20141102 172528150,0.987540,0.987780,0
20141102 172530150,0.987510,0.987750,0
20141102 172652900,0.987550,0.987770,0
20141102 172717900,0.987580,0.987740,0
20141102 172746150,0.987540,0.987700,0
20141102 172749150,0.987570,0.987730,0
20141102 172749883,0.987580,0.987750,0
20141102 172832650,0.987550,0.987720,0
20141102 172841633,0.987570,0.987740,0
20141102 172945650,0.987530,0.987710,0
20141102 172946400,0.987510,0.987690,0
20141102 172947150,0.987480,0.987650,0
20141102 172947900,0.987500,0.987690,0
20141102 172955400,0.987470,0.987660,0
20141102 172956900,0.987500,0.987660,0
20141102 173000150,0.987510,0.987680,0
20141102 173001883,0.987530,0.987700,0
20141102 173002150,0.987550,0.987720,0
20141102 173012163,0.987560,0.987720,0
20141102 173013897,0.987570,0.987740,0
20141102 173014147,0.987620,0.987800,0
20141102 173014397,0.987650,0.987820,0
20141102 173017897,0.987660,0.987830,0
20141102 173018147,0.987700,0.987870,0
20141102 173018397,0.987720,0.987890,0
20141102 173020147,0.987740,0.987900,0
20141102 173020397,0.987740,0.987910,0
20141102 173020647,0.987710,0.987880,0
20141102 173023147,0.987760,0.987920,0
20141102 173029897,0.987740,0.987910,0
20141102 173030397,0.987760,0.987930,0
20141102 173030897,0.987750,0.987920,0
20141102 173031397,0.987790,0.987950,0
20141102 173031647,0.987730,0.987890,0
20141102 173032397,0.987710,0.987870,0
20141102 173035647,0.987730,0.987900,0
20141102 173050647,0.987750,0.987920,0
20141102 173050897,0.987790,0.987960,0
20141102 173051147,0.987860,0.988040,0
20141102 173055897,0.987840,0.988010,0
20141102 173056147,0.987860,0.988010,0
20141102 173056397,0.987840,0.988010,0
20141102 173056647,0.987860,0.988010,0
20141102 173058397,0.987840,0.988010,0
20141102 173103897,0.987860,0.988010,0
20141102 173105647,0.987840,0.988010,0
20141102 173109147,0.987860,0.988010,0
20141102 173117647,0.987850,0.988010,0
20141102 173126897,0.987830,0.988000,0
20141102 173128147,0.987800,0.987960,0
20141102 173128397,0.987770,0.987940,0
20141102 173135397,0.987760,0.987920,0
20141102 173135647,0.987770,0.987920,0
20141102 173146397,0.987770,0.987940,0
20141102 173151397,0.987840,0.988040,0
20141102 173151647,0.987870,0.988040,0
20141102 173153397,0.987910,0.988060,0
20141102 173156897,0.987910,0.988050,0
20141102 173157897,0.987910,0.988060,0
20141102 173206647,0.987880,0.988060,0
20141102 173214147,0.987860,0.988040,0
20141102 173215647,0.987900,0.988040,0
20141102 173216147,0.987850,0.988040,0
20141102 173221897,0.987840,0.987930,0
20141102 173222147,0.987810,0.987940,0
20141102 173222397,0.987810,0.987980,0
20141102 173222647,0.987840,0.987990,0
20141102 173222897,0.987840,0.988000,0
20141102 173223147,0.987840,0.987970,0
20141102 173230647,0.987840,0.988010,0
20141102 173233647,0.987840,0.987920,0
20141102 173234397,0.987820,0.987850,0
20141102 173234647,0.987820,0.987830,0
20141102 173234897,0.987820,0.987840,0
20141102 173239397,0.987820,0.988090,0
20141102 173243897,0.987820,0.988060,0
20141102 173253397,0.987730,0.987810,0
20141102 173253897,0.987820,0.988060,0
20141102 173256397,0.987820,0.988030,0
20141102 173256647,0.987820,0.988050,0
20141102 173258397,0.987820,0.988030,0
20141102 173258647,0.987770,0.987800,0
20141102 173307397,0.987740,0.987820,0
20141102 173307647,0.987740,0.987770,0
20141102 173311397,0.987740,0.987750,0
20141102 173321147,0.987740,0.987770,0
20141102 173341397,0.987740,0.987750,0
20141102 173349397,0.987700,0.987750,0
20141102 173349647,0.987750,0.987760,0
20141102 173351397,0.987730,0.987750,0
20141102 173359397,0.987770,0.987820,0
20141102 173359647,0.987830,0.987990,0
20141102 173408147,0.987780,0.987940,0
20141102 173408397,0.987740,0.987750,0
20141102 173412897,0.987800,0.987960,0
20141102 173419147,0.987800,0.987810,0
20141102 173425647,0.987710,0.987810,0
20141102 173425897,0.987820,0.987840,0
20141102 173426147,0.987740,0.987780,0
20141102 173426397,0.987820,0.987990,0
20141102 173426647,0.987710,0.987810,0
20141102 173427397,0.987820,0.987990,0
20141102 173427897,0.987780,0.987800,0
20141102 173429397,0.987760,0.987800,0
20141102 173429647,0.987780,0.987800,0
20141102 173433147,0.987750,0.987800,0
20141102 173441397,0.987750,0.987830,0
20141102 173502397,0.987720,0.987830,0
20141102 173505147,0.987750,0.987830,0
20141102 173510647,0.987770,0.987870,0
20141102 173511397,0.987770,0.987900,0
20141102 173519397,0.987800,0.987920,0
20141102 173519647,0.987810,0.987920,0
20141102 173521147,0.987800,0.987920,0
20141102 173521397,0.987830,0.987920,0
20141102 173521647,0.987820,0.987920,0
20141102 173525147,0.987800,0.987920,0
20141102 173545147,0.987800,0.987940,0
20141102 173548647,0.987800,0.987970,0
20141102 173549897,0.987820,0.987970,0
20141102 173558147,0.987820,0.987940,0
20141102 173613147,0.987820,0.987960,0
20141102 173616397,0.987820,0.987980,0
20141102 173628897,0.987820,0.987940,0
20141102 173631397,0.987820,0.987920,0
20141102 173632397,0.987790,0.987920,0
20141102 173632647,0.987820,0.987920,0
20141102 173719897,0.987790,0.987910,0
20141102 173720147,0.987790,0.987880,0
20141102 173742147,0.987790,0.987940,0
20141102 173742397,0.987790,0.987930,0
20141102 173742647,0.987760,0.987910,0
20141102 173742897,0.987740,0.987900,0
20141102 173744647,0.987760,0.987910,0
20141102 173745147,0.987770,0.987920,0
20141102 173746397,0.987760,0.987920,0
20141102 173756397,0.987790,0.987920,0
20141102 173803397,0.987790,0.987930,0
20141102 173803897,0.987810,0.987930,0
20141102 173804147,0.987790,0.987930,0
20141102 173805397,0.987790,0.987890,0
20141102 173820397,0.987790,0.987940,0
20141102 173821397,0.987790,0.987900,0
20141102 173821647,0.987790,0.987940,0
20141102 173831397,0.987790,0.987920,0
20141102 173835397,0.987790,0.987890,0
20141102 173835647,0.987790,0.987910,0
20141102 173836397,0.987790,0.987880,0
20141102 173840397,0.987790,0.987930,0
20141102 173840647,0.987790,0.987950,0
20141102 173843397,0.987790,0.987890,0
20141102 173843897,0.987790,0.987900,0
20141102 173858397,0.987790,0.987940,0
20141102 173902397,0.987790,0.987910,0
20141102 173904647,0.987820,0.987910,0
20141102 173904897,0.987790,0.987910,0
20141102 173906397,0.987790,0.987880,0
20141102 173907897,0.987790,0.987940,0
20141102 173909397,0.987790,0.987900,0
20141102 173917397,0.987790,0.987930,0
20141102 173917647,0.987790,0.987940,0
20141102 173917897,0.987790,0.987890,0
20141102 173918147,0.987790,0.987940,0
20141102 173918397,0.987790,0.987890,0
20141102 173918897,0.987790,0.987940,0
20141102 173919397,0.987790,0.987890,0
20141102 173919647,0.987790,0.987940,0
20141102 173919897,0.987790,0.987890,0
20141102 173921147,0.987790,0.987940,0
20141102 173921397,0.987790,0.987900,0
20141102 173921897,0.987790,0.987880,0
20141102 173934397,0.987790,0.987860,0
20141102 173936147,0.987790,0.987910,0
20141102 173939397,0.987790,0.987860,0
20141102 173954397,0.987790,0.987920,0
20141102 173957147,0.987790,0.987880,0
20141102 174005647,0.987790,0.987860,0
20141102 174015897,0.987790,0.987900,0
20141102 174016147,0.987800,0.987950,0
20141102 174016397,0.987820,0.987950,0
20141102 174017147,0.987790,0.987950,0
20141102 174018147,0.987790,0.987910,0
20141102 174018647,0.987790,0.987930,0
20141102 174027147,0.987790,0.987920,0
20141102 174027397,0.987680,0.987790,0
20141102 174027647,0.987630,0.987770,0
20141102 174027897,0.987640,0.987770,0
20141102 174028647,0.987600,0.987770,0
20141102 174029147,0.987640,0.987770,0
20141102 174034397,0.987650,0.987810,0
20141102 174036893,0.987720,0.987810,0
20141102 174038143,0.987720,0.987820,0
20141102 174040393,0.987660,0.987820,0
20141102 174041143,0.987730,0.987820,0
20141102 174044143,0.987660,0.987820,0
20141102 174046143,0.987650,0.987810,0
20141102 174051643,0.987640,0.987780,0
20141102 174058643,0.987650,0.987780,0
20141102 174059893,0.987630,0.987780,0
20141102 174100143,0.987630,0.987760,0
20141102 174105393,0.987640,0.987780,0
20141102 174106893,0.987630,0.987760,0
20141102 174107393,0.987630,0.987720,0
20141102 174107893,0.987610,0.987720,0
20141102 174108393,0.987610,0.987730,0
20141102 174110143,0.987610,0.987720,0
20141102 174111393,0.987650,0.987780,0
20141102 174111643,0.987610,0.987740,0
20141102 174113893,0.987610,0.987730,0
20141102 174119393,0.987620,0.987780,0
20141102 174119643,0.987630,0.987750,0
20141102 174121893,0.987630,0.987740,0
20141102 174122143,0.987610,0.987770,0
20141102 174147143,0.987610,0.987780,0
20141102 174151643,0.987610,0.987770,0
20141102 174152143,0.987640,0.987770,0
20141102 174153643,0.987640,0.987780,0
20141102 174220643,0.987670,0.987780,0
20141102 174227393,0.987690,0.987780,0
20141102 174244143,0.987650,0.987780,0
20141102 174250643,0.987660,0.987780,0
20141102 174318893,0.987730,0.987780,0
20141102 174331393,0.987660,0.987780,0
20141102 174355143,0.987660,0.987830,0
20141102 174402893,0.987710,0.987830,0
20141102 174407143,0.987710,0.987820,0
20141102 174407393,0.987820,0.988000,0
20141102 174407643,0.987850,0.988040,0
20141102 174407893,0.987890,0.988040,0
20141102 174409393,0.987870,0.988050,0
20141102 174409643,0.987850,0.988000,0
20141102 174410643,0.987880,0.988050,0
20141102 174410893,0.987850,0.988030,0
20141102 174411393,0.987890,0.988030,0
20141102 174411893,0.987890,0.988050,0
20141102 174412143,0.987890,0.988030,0
20141102 174412643,0.987850,0.988030,0
20141102 174415643,0.987920,0.988030,0
20141102 174415893,0.987860,0.988030,0
20141102 174417143,0.987850,0.988030,0
20141102 174420393,0.987760,0.987950,0
20141102 174421143,0.987730,0.987910,0
20141102 174422893,0.987740,0.987920,0
20141102 174423143,0.987730,0.987910,0
20141102 174426143,0.987740,0.987920,0
20141102 174427893,0.987760,0.987950,0
20141102 174428143,0.987740,0.987920,0
20141102 174432143,0.987730,0.987910,0
20141102 174432393,0.987760,0.987940,0
20141102 174435393,0.987730,0.987910,0
20141102 174437160,0.987710,0.987890,0
20141102 174437393,0.987730,0.987900,0
20141102 174439143,0.987760,0.987940,0
20141102 174439393,0.987730,0.987910,0
20141102 174439643,0.987760,0.987970,0
20141102 174439893,0.987730,0.987910,0
20141102 174440893,0.987760,0.987970,0
20141102 174441143,0.987760,0.987950,0
20141102 174441893,0.987730,0.987910,0
20141102 174442143,0.987760,0.987950,0
20141102 174442393,0.987730,0.987910,0
20141102 174442643,0.987760,0.987960,0
20141102 174443143,0.987760,0.987950,0
20141102 174445893,0.987780,0.987950,0
20141102 174450893,0.987760,0.987840,0
20141102 174452143,0.987740,0.987840,0
20141102 174453143,0.987730,0.987840,0
20141102 174453393,0.987760,0.987840,0
20141102 174453893,0.987720,0.987840,0
20141102 174454393,0.987760,0.987840,0
20141102 174500393,0.987850,0.987870,0
20141102 174502143,0.987760,0.987870,0
20141102 174502643,0.987730,0.987870,0
20141102 174503643,0.987760,0.987870,0
20141102 174504393,0.987730,0.987870,0
20141102 174504893,0.987760,0.987870,0
20141102 174509643,0.987730,0.987870,0
20141102 174510643,0.987760,0.987870,0
20141102 174510893,0.987730,0.987870,0
20141102 174511143,0.987760,0.987870,0
20141102 174511393,0.987730,0.987870,0
20141102 174512643,0.987760,0.987870,0
20141102 174521393,0.987770,0.987890,0
20141102 174525393,0.987770,0.987970,0
20141102 174526643,0.987800,0.987980,0
20141102 174537143,0.987850,0.987980,0
20141102 174548893,0.987810,0.987980,0
20141102 174557143,0.987800,0.987970,0
20141102 174558143,0.987810,0.987980,0
20141102 174558393,0.987800,0.987970,0
20141102 174558643,0.987810,0.987980,0
20141102 174558893,0.987800,0.987970,0
20141102 174559393,0.987810,0.987980,0
20141102 174600143,0.987800,0.987970,0
20141102 174600393,0.987810,0.987980,0
20141102 174600643,0.987800,0.987970,0
20141102 174600893,0.987810,0.987980,0
20141102 174601143,0.987800,0.987970,0
20141102 174601643,0.987800,0.987980,0
20141102 174604643,0.987810,0.987980,0
20141102 174605393,0.987800,0.987980,0
20141102 174606393,0.987810,0.987980,0
20141102 174620893,0.987800,0.987970,0
20141102 174621393,0.987760,0.987930,0
20141102 174629643,0.987860,0.987930,0
20141102 174633893,0.987760,0.987930,0
20141102 174658393,0.987750,0.987920,0
20141102 174717143,0.987840,0.987920,0
20141102 174718893,0.987750,0.987920,0
20141102 174751643,0.987770,0.987950,0
20141102 174751893,0.987750,0.987920,0
20141102 174752143,0.987780,0.987950,0
20141102 174752643,0.987750,0.987900,0
20141102 174752893,0.987770,0.987950,0
20141102 174753393,0.987750,0.987920,0
20141102 174754143,0.987770,0.987950,0
20141102 174755143,0.987750,0.987920,0
20141102 174755393,0.987770,0.987950,0
20141102 174755643,0.987750,0.987920,0
20141102 174757643,0.987840,0.987900,0
20141102 174803893,0.987840,0.987920,0
20141102 174808893,0.987750,0.987920,0
20141102 174816893,0.987750,0.987880,0
20141102 174817643,0.987750,0.987900,0
20141102 174822893,0.987750,0.987890,0
20141102 174824143,0.987750,0.987900,0
20141102 174825390,0.987700,0.987870,0
20141102 174825890,0.987730,0.987900,0
20141102 174826390,0.987700,0.987870,0
20141102 174832390,0.987730,0.987900,0
20141102 174832890,0.987690,0.987870,0
20141102 174841390,0.987830,0.987870,0
20141102 174857140,0.987690,0.987870,0
20141102 174905390,0.987720,0.987900,0
20141102 174905640,0.987700,0.987870,0
20141102 174905890,0.987700,0.987880,0
20141102 174909890,0.987730,0.987900,0
20141102 174911890,0.987700,0.987870,0
20141102 174935890,0.987830,0.987870,0
20141102 174943390,0.987700,0.987870,0
20141102 174953390,0.987730,0.987890,0
20141102 174955640,0.987700,0.987860,0
20141102 174956640,0.987730,0.987890,0
20141102 174957640,0.987700,0.987860,0
20141102 174958390,0.987730,0.987890,0
20141102 175002390,0.987750,0.987910,0
20141102 175021640,0.987840,0.987910,0
20141102 175024140,0.987840,0.987880,0
20141102 175026890,0.987850,0.987880,0
20141102 175028640,0.987710,0.987880,0
20141102 175036890,0.987740,0.987900,0
20141102 175038390,0.987710,0.987870,0
20141102 175039390,0.987750,0.987910,0
20141102 175039640,0.987740,0.987900,0
20141102 175041140,0.987720,0.987880,0
20141102 175042640,0.987690,0.987860,0
20141102 175042890,0.987740,0.987900,0
20141102 175043140,0.987690,0.987860,0
20141102 175043640,0.987710,0.987870,0
20141102 175109140,0.987840,0.987870,0
20141102 175117890,0.987710,0.987870,0
20141102 175130390,0.987850,0.987860,0
20141102 175130640,0.987850,0.987930,0
20141102 175135140,0.987750,0.987870,0
20141102 175137890,0.987750,0.987880,0
20141102 175143140,0.987750,0.987870,0
20141102 175145890,0.987750,0.987890,0
20141102 175152390,0.987850,0.987950,0
20141102 175152640,0.987850,0.987960,0
20141102 175155390,0.987850,0.987900,0
20141102 175155640,0.987850,0.987880,0
20141102 175156390,0.987850,0.987900,0
20141102 175202140,0.987840,0.987900,0
20141102 175207390,0.987750,0.987900,0
20141102 175209890,0.987750,0.987880,0
20141102 175210140,0.987720,0.987850,0
20141102 175216390,0.987720,0.987860,0
20141102 175241140,0.987840,0.987860,0
20141102 175243640,0.987840,0.987880,0
20141102 175243890,0.987840,0.987860,0
20141102 175244390,0.987840,0.987880,0
20141102 175252390,0.987840,0.987860,0
20141102 175252640,0.987720,0.987880,0
20141102 175306390,0.987720,0.987850,0
20141102 175306640,0.987720,0.987880,0
20141102 175329140,0.987730,0.987910,0
20141102 175330140,0.987720,0.987880,0
20141102 175330390,0.987730,0.987910,0
20141102 175330640,0.987720,0.987880,0
20141102 175331890,0.987730,0.987910,0
20141102 175332140,0.987720,0.987880,0
20141102 175354890,0.987760,0.987880,0
20141102 175400140,0.987700,0.987860,0
20141102 175400390,0.987690,0.987840,0
20141102 175415390,0.987680,0.987840,0
20141102 175415640,0.987710,0.987870,0
20141102 175417640,0.987680,0.987840,0
20141102 175417890,0.987730,0.987890,0
20141102 175418140,0.987720,0.987880,0
20141102 175436140,0.987710,0.987870,0
20141102 175500640,0.987740,0.987900,0
20141102 175500890,0.987720,0.987880,0
20141102 175501640,0.987810,0.987880,0
20141102 175502390,0.987810,0.987910,0
20141102 175502640,0.987810,0.987890,0
20141102 175503390,0.987810,0.987870,0
20141102 175504390,0.987810,0.987890,0
20141102 175504890,0.987810,0.987870,0
20141102 175505390,0.987720,0.987870,0
20141102 175505640,0.987710,0.987870,0
20141102 175508140,0.987730,0.987890,0
20141102 175508890,0.987710,0.987870,0
20141102 175510140,0.987730,0.987880,0
20141102 175510390,0.987710,0.987870,0
20141102 175512140,0.987730,0.987890,0
20141102 175512390,0.987710,0.987870,0
20141102 175513890,0.987730,0.987890,0
20141102 175514140,0.987700,0.987860,0
20141102 175514390,0.987710,0.987870,0
20141102 175518390,0.987720,0.987880,0
20141102 175518640,0.987770,0.987950,0
20141102 175519140,0.987690,0.987850,0
20141102 175524140,0.987760,0.987870,0
20141102 175525390,0.987760,0.987890,0
20141102 175527140,0.987800,0.987890,0
20141102 175528640,0.987800,0.987870,0
20141102 175539390,0.987800,0.987900,0
20141102 175542640,0.987800,0.987920,0
20141102 175542890,0.987800,0.987880,0
20141102 175543390,0.987920,0.987930,0
20141102 175543640,0.987920,0.987950,0
20141102 175543890,0.987920,0.987960,0
20141102 175544890,0.987850,0.987960,0
20141102 175545140,0.987850,0.987950,0
20141102 175549140,0.987850,0.987940,0
20141102 175551390,0.987850,0.987970,0
20141102 175553140,0.987730,0.987900,0
20141102 175553390,0.987710,0.987890,0
20141102 175553640,0.987750,0.987930,0
20141102 175554390,0.987740,0.987910,0
20141102 175555390,0.987730,0.987910,0
20141102 175557140,0.987710,0.987890,0
20141102 175557640,0.987730,0.987910,0
20141102 175559140,0.987710,0.987890,0
20141102 175600140,0.987730,0.987900,0
20141102 175600890,0.987710,0.987890,0
20141102 175601390,0.987730,0.987900,0
20141102 175602890,0.987710,0.987880,0
20141102 175603140,0.987730,0.987900,0
20141102 175630387,0.987710,0.987880,0
20141102 175631137,0.987730,0.987900,0
20141102 175631887,0.987710,0.987880,0
20141102 175632137,0.987720,0.987900,0
20141102 175633637,0.987700,0.987880,0
20141102 175634387,0.987720,0.987890,0
20141102 175635637,0.987710,0.987880,0
20141102 175635887,0.987730,0.987900,0
20141102 175637387,0.987750,0.987920,0
20141102 175637637,0.987720,0.987900,0
20141102 175639387,0.987710,0.987880,0
20141102 175639637,0.987850,0.987900,0
20141102 175639887,0.987760,0.987920,0
20141102 175640137,0.987790,0.987920,0
20141102 175641387,0.987790,0.987940,0
20141102 175641637,0.987790,0.987920,0
20141102 175643137,0.987790,0.987950,0
20141102 175643887,0.987790,0.987920,0
20141102 175646887,0.987790,0.987910,0
20141102 175647637,0.987790,0.987930,0
20141102 175648887,0.987790,0.987910,0
20141102 175649387,0.987790,0.987930,0
20141102 175650887,0.987790,0.987910,0
20141102 175651137,0.987790,0.987930,0
20141102 175651637,0.987790,0.987910,0
20141102 175652637,0.987790,0.987890,0
20141102 175652887,0.987790,0.987900,0
20141102 175653387,0.987790,0.987920,0
20141102 175654637,0.987790,0.987890,0
20141102 175654887,0.987790,0.987900,0
20141102 175655887,0.987790,0.987920,0
20141102 175656137,0.987790,0.987910,0
20141102 175656637,0.987790,0.987920,0
20141102 175657637,0.987790,0.987900,0
20141102 175658387,0.987790,0.987880,0
20141102 175658637,0.987790,0.987900,0
20141102 175708137,0.987790,0.987870,0
20141102 175708387,0.987790,0.987890,0
20141102 175709387,0.987790,0.987910,0
20141102 175709887,0.987790,0.987890,0
20141102 175710137,0.987790,0.987910,0
20141102 175711887,0.987790,0.987890,0
20141102 175712137,0.987790,0.987910,0
20141102 175712637,0.987870,0.987940,0
20141102 175712887,0.987870,0.987950,0
20141102 175715637,0.987890,0.987980,0
20141102 175715887,0.987870,0.987980,0
20141102 175716887,0.987870,0.987960,0
20141102 175717137,0.987870,0.987980,0
20141102 175718403,0.987980,0.988040,0
20141102 175718653,0.987890,0.988010,0
20141102 175719887,0.987890,0.988000,0
20141102 175720637,0.987890,0.988020,0
20141102 175722387,0.987850,0.988000,0
20141102 175729137,0.987850,0.988010,0
20141102 175730387,0.987890,0.988010,0
20141102 175732387,0.987890,0.987980,0
20141102 175734637,0.987820,0.987980,0
20141102 175741137,0.987920,0.987980,0
20141102 175741887,0.987920,0.987970,0
20141102 175742387,0.987920,0.987980,0
20141102 175743887,0.987920,0.987960,0
20141102 175744137,0.987920,0.987980,0
20141102 175748137,0.987820,0.987980,0
20141102 175751387,0.987820,0.987950,0
20141102 175751637,0.987820,0.987980,0
20141102 175753387,0.987820,0.987960,0
20141102 175753637,0.987820,0.987980,0
20141102 175755387,0.987830,0.987980,0
20141102 175755887,0.987820,0.987980,0
20141102 175757137,0.987820,0.987970,0
20141102 175757387,0.987820,0.987980,0
20141102 175800887,0.987820,0.987910,0
20141102 175801637,0.987850,0.987980,0
20141102 175802387,0.987820,0.987980,0
20141102 175802887,0.987840,0.987980,0
20141102 175803137,0.987820,0.987980,0
20141102 175806637,0.987820,0.987960,0
20141102 175806887,0.987820,0.987980,0
20141102 175808387,0.987730,0.987910,0
20141102 175808637,0.987740,0.987910,0
20141102 175808887,0.987730,0.987900,0
20141102 175809637,0.987740,0.987910,0
20141102 175810387,0.987720,0.987860,0
20141102 175810637,0.987680,0.987840,0
20141102 175810887,0.987670,0.987840,0
20141102 175811637,0.987710,0.987840,0
20141102 175811887,0.987670,0.987840,0
20141102 175812387,0.987660,0.987830,0
20141102 175812637,0.987680,0.987840,0
20141102 175812887,0.987650,0.987750,0
20141102 175813137,0.987670,0.987840,0
20141102 175813387,0.987680,0.987840,0
20141102 175817387,0.987700,0.987840,0
20141102 175817637,0.987670,0.987840,0
20141102 175818637,0.987650,0.987820,0
20141102 175818887,0.987680,0.987840,0
20141102 175820387,0.987670,0.987840,0
20141102 175820637,0.987680,0.987840,0
20141102 175820887,0.987660,0.987840,0
20141102 175821637,0.987690,0.987840,0
20141102 175822653,0.987780,0.987840,0
20141102 175835137,0.987700,0.987840,0
20141102 175846887,0.987680,0.987840,0
20141102 175849387,0.987700,0.987840,0
20141102 175853887,0.987680,0.987840,0
20141102 175854137,0.987700,0.987840,0
20141102 175858887,0.987690,0.987840,0
20141102 175859137,0.987650,0.987820,0
20141102 175859637,0.987630,0.987830,0
20141102 175901137,0.987710,0.987860,0
20141102 175902387,0.987710,0.987850,0
20141102 175903137,0.987710,0.987820,0
20141102 175904887,0.987710,0.987830,0
20141102 175905137,0.987710,0.987810,0
20141102 175908137,0.987710,0.987840,0
20141102 175908887,0.987710,0.987830,0
20141102 175909637,0.987710,0.987810,0
20141102 175909887,0.987710,0.987860,0
20141102 175911637,0.987710,0.987840,0
20141102 175912137,0.987710,0.987820,0
20141102 175912387,0.987710,0.987840,0
20141102 175921137,0.987710,0.987820,0
20141102 175921637,0.987710,0.987860,0
20141102 175922387,0.987690,0.987840,0
20141102 175924137,0.987660,0.987840,0
20141102 175924887,0.987640,0.987810,0
20141102 175925137,0.987660,0.987830,0
20141102 175926887,0.987640,0.987810,0
20141102 175927137,0.987660,0.987830,0
20141102 175928387,0.987640,0.987820,0
20141102 175928887,0.987660,0.987830,0
20141102 175930637,0.987710,0.987860,0
20141102 175931887,0.987720,0.987860,0
20141102 175932137,0.987710,0.987860,0
20141102 175941387,0.987710,0.987840,0
20141102 175941637,0.987710,0.987860,0
20141102 175943387,0.987710,0.987840,0
20141102 175943887,0.987710,0.987860,0
20141102 175947137,0.987720,0.987860,0
20141102 175947637,0.987710,0.987860,0
20141102 175948887,0.987710,0.987840,0
20141102 175949137,0.987710,0.987860,0
20141102 175959387,0.987680,0.987840,0
20141102 180000153,0.987670,0.987830,0
20141102 180000417,0.987820,0.987920,0
20141102 180000667,0.987820,0.987900,0
20141102 180001027,0.987820,0.987890,0
20141102 180001480,0.987780,0.987890,0
20141102 180002387,0.987740,0.987900,0
20141102 180002887,0.987730,0.987900,0
20141102 180003387,0.987700,0.987860,0
20141102 180003637,0.987680,0.987850,0
20141102 180003887,0.987660,0.987820,0
20141102 180004137,0.987730,0.987900,0
20141102 180004387,0.987750,0.987900,0
20141102 180004637,0.987760,0.987900,0
20141102 180004887,0.987740,0.987900,0
20141102 180005387,0.987690,0.987850,0
20141102 180005637,0.987700,0.987870,0
20141102 180005887,0.987730,0.987890,0
20141102 180006137,0.987710,0.987810,0
20141102 180006387,0.987730,0.987890,0
20141102 180006637,0.987710,0.987870,0
20141102 180007137,0.987720,0.987880,0
20141102 180007637,0.987700,0.987870,0
20141102 180008153,0.987690,0.987850,0
20141102 180008887,0.987790,0.987940,0
20141102 180009887,0.987780,0.987940,0
20141102 180010137,0.987780,0.987920,0
20141102 180010887,0.987780,0.987940,0
20141102 180011137,0.987780,0.987920,0
20141102 180011887,0.987780,0.987930,0
20141102 180012137,0.987800,0.987940,0
20141102 180012387,0.987780,0.987940,0
20141102 180013387,0.987800,0.987940,0
20141102 180013637,0.987780,0.987940,0
20141102 180014137,0.987800,0.987940,0
20141102 180014387,0.987780,0.987940,0
20141102 180015887,0.987790,0.987940,0
20141102 180016137,0.987800,0.987940,0
20141102 180016387,0.987780,0.987940,0
20141102 180016637,0.987820,0.987940,0
20141102 180016887,0.987790,0.987940,0
20141102 180017637,0.987790,0.987920,0
20141102 180017887,0.987790,0.987940,0
20141102 180018387,0.987790,0.987950,0
20141102 180018637,0.987810,0.987950,0
20141102 180019387,0.987830,0.987950,0
20141102 180020387,0.987800,0.987950,0
20141102 180021637,0.987820,0.987940,0
20141102 180022137,0.987820,0.987930,0
20141102 180023637,0.987820,0.987950,0
20141102 180023903,0.987820,0.987930,0
20141102 180025137,0.987820,0.987970,0
20141102 180025887,0.987820,0.987950,0
20141102 180026137,0.987820,0.987920,0
20141102 180026887,0.987820,0.987850,0
20141102 180027403,0.987840,0.987910,0
20141102 180027637,0.987840,0.987960,0
20141102 180027887,0.987840,0.987940,0
20141102 180028137,0.987840,0.987960,0
20141102 180028387,0.987840,0.987940,0
20141102 180029137,0.987840,0.987920,0
20141102 180029637,0.987840,0.987940,0
20141102 180029887,0.987840,0.987960,0
20141102 180030887,0.987840,0.987940,0
20141102 180031137,0.987840,0.987920,0
20141102 180031637,0.987840,0.987940,0
20141102 180031887,0.987840,0.987960,0
20141102 180032637,0.987840,0.987970,0
20141102 180032887,0.987840,0.987950,0
20141102 180033137,0.987820,0.987970,0
20141102 180033387,0.987850,0.988020,0
20141102 180034137,0.987850,0.988010,0
20141102 180035387,0.987930,0.988040,0
20141102 180037137,0.987930,0.988050,0
20141102 180038887,0.987930,0.988020,0
20141102 180039887,0.987930,0.988040,0
20141102 180040137,0.987930,0.988030,0
20141102 180042637,0.987930,0.988010,0
20141102 180044637,0.987930,0.988020,0
20141102 180045637,0.987840,0.988010,0
20141102 180047637,0.987860,0.988020,0
20141102 180047887,0.987840,0.988000,0
20141102 180049637,0.987870,0.988040,0
20141102 180050637,0.987930,0.988040,0
20141102 180050887,0.987930,0.988020,0
20141102 180051137,0.987930,0.988040,0
20141102 180051637,0.987930,0.988020,0
20141102 180055637,0.987930,0.988040,0
20141102 180056387,0.987930,0.988020,0
20141102 180057137,0.987930,0.988040,0
20141102 180057403,0.987930,0.988020,0
20141102 180101387,0.987930,0.987990,0
20141102 180101637,0.987930,0.988010,0
20141102 180102637,0.987930,0.988020,0
20141102 180103137,0.987930,0.988050,0
20141102 180104637,0.987930,0.988030,0
20141102 180105137,0.987930,0.988010,0
20141102 180105387,0.987930,0.987990,0
20141102 180105637,0.987930,0.988010,0
20141102 180106637,0.987930,0.988030,0
20141102 180108637,0.987930,0.988020,0
20141102 180110887,0.987900,0.988020,0
20141102 180111887,0.987900,0.988030,0
20141102 180115637,0.987900,0.987990,0
20141102 180116137,0.987900,0.988010,0
20141102 180116637,0.987900,0.988030,0
20141102 180117637,0.987900,0.988010,0
20141102 180118887,0.987900,0.988030,0
20141102 180120387,0.987900,0.988040,0
20141102 180122637,0.987900,0.988020,0
20141102 180125137,0.987900,0.988030,0
20141102 180127887,0.987900,0.987990,0
20141102 180134637,0.987900,0.987980,0
20141102 180134887,0.987900,0.987990,0
20141102 180135637,0.987900,0.987980,0
20141102 180135887,0.987900,0.988010,0
20141102 180136387,0.987900,0.988000,0
20141102 180136887,0.987900,0.987970,0
20141102 180137887,0.987900,0.987990,0
20141102 180139637,0.987900,0.988000,0
20141102 180139887,0.987900,0.987970,0
20141102 180140887,0.987900,0.987980,0
20141102 180141637,0.987900,0.988010,0
20141102 180142887,0.987900,0.988020,0
20141102 180143887,0.987900,0.988000,0
20141102 180144887,0.987900,0.988020,0
20141102 180145637,0.987900,0.988040,0
20141102 180150887,0.987900,0.988020,0
20141102 180151637,0.987900,0.988000,0
20141102 180151887,0.987900,0.988040,0
20141102 180152637,0.987900,0.988020,0
20141102 180157387,0.987900,0.988000,0
20141102 180157637,0.987900,0.988010,0
20141102 180158137,0.987900,0.988030,0
20141102 180158387,0.987900,0.988010,0
20141102 180200387,0.987900,0.988000,0
20141102 180203887,0.987900,0.988010,0
20141102 180204387,0.987900,0.988000,0
20141102 180206637,0.987900,0.988020,0
20141102 180209387,0.987900,0.988030,0
20141102 180209637,0.987900,0.988020,0
20141102 180210387,0.987860,0.987980,0
20141102 180210637,0.987860,0.988000,0
20141102 180210887,0.987900,0.988000,0
20141102 180211137,0.987860,0.988000,0
20141102 180211387,0.987860,0.987970,0
20141102 180214137,0.987860,0.988000,0
20141102 180217637,0.987860,0.987970,0
20141102 180220137,0.987890,0.988000,0
20141102 180220387,0.987850,0.988000,0
20141102 180225637,0.987900,0.988000,0
20141102 180233137,0.987950,0.988000,0
20141102 180233637,0.987900,0.988000,0
20141102 180235887,0.987950,0.988000,0
20141102 180249387,0.987900,0.987940,0
20141102 180249637,0.987850,0.987940,0
20141102 180249887,0.987830,0.987910,0
20141102 180250387,0.987830,0.987920,0
20141102 180251887,0.987830,0.987910,0
20141102 180253137,0.987800,0.987890,0
20141102 180253387,0.987800,0.987880,0
20141102 180259387,0.987800,0.987890,0
20141102 180304887,0.987750,0.987870,0
20141102 180305137,0.987750,0.987850,0
20141102 180305887,0.987750,0.987880,0
20141102 180306137,0.987800,0.987880,0
20141102 180312887,0.987800,0.987890,0
20141102 180321137,0.987750,0.987900,0
20141102 180321387,0.987800,0.987900,0
20141102 180321637,0.987800,0.987910,0
20141102 180324137,0.987800,0.987890,0
20141102 180324387,0.987800,0.987860,0
20141102 180326637,0.987750,0.987890,0
20141102 180326887,0.987800,0.987890,0
20141102 180329137,0.987800,0.987910,0
20141102 180329387,0.987800,0.987870,0
20141102 180329637,0.987850,0.987870,0
20141102 180331887,0.987690,0.987840,0
20141102 180332387,0.987720,0.987840,0
20141102 180333137,0.987850,0.987860,0
20141102 180333637,0.987850,0.987880,0
20141102 180333887,0.987850,0.987860,0
20141102 180335887,0.987700,0.987840,0
20141102 180336637,0.987670,0.987810,0
20141102 180336887,0.987850,0.987860,0
20141102 180337137,0.987670,0.987830,0
20141102 180338387,0.987850,0.987860,0
20141102 180342887,0.987710,0.987830,0
20141102 180343137,0.987680,0.987800,0
20141102 180343887,0.987710,0.987800,0
20141102 180344137,0.987700,0.987770,0
20141102 180344387,0.987750,0.987770,0
20141102 180344637,0.987700,0.987770,0
20141102 180344887,0.987750,0.987770,0
20141102 180345137,0.987700,0.987770,0
20141102 180345387,0.987750,0.987770,0
20141102 180345637,0.987700,0.987770,0
20141102 180347387,0.987750,0.987800,0
20141102 180347637,0.987800,0.987810,0
20141102 180350387,0.987750,0.987800,0
20141102 180353137,0.987750,0.987830,0
20141102 180353387,0.987800,0.987830,0
20141102 180402137,0.987750,0.987830,0
20141102 180409387,0.987800,0.987830,0
20141102 180444387,0.987750,0.987790,0
20141102 180444637,0.987700,0.987760,0
20141102 180445137,0.987700,0.987800,0
20141102 180450137,0.987700,0.987770,0
20141102 180455637,0.987700,0.987780,0
20141102 180455887,0.987700,0.987800,0
20141102 180456387,0.987700,0.987790,0
20141102 180457637,0.987700,0.987800,0
20141102 180457887,0.987700,0.987790,0
20141102 180506887,0.987700,0.987800,0
20141102 180512137,0.987700,0.987770,0
20141102 180529887,0.987700,0.987800,0
20141102 180530137,0.987720,0.987830,0
20141102 180530387,0.987750,0.987800,0
20141102 180551150,0.987750,0.987780,0
20141102 180556387,0.987700,0.987780,0
20141102 180604137,0.987750,0.987780,0
20141102 180608387,0.987750,0.987810,0
20141102 180613900,0.987750,0.987840,0
20141102 180614137,0.987800,0.987840,0
20141102 180626137,0.987750,0.987840,0
20141102 180626637,0.987750,0.987810,0
20141102 180628387,0.987800,0.987810,0
20141102 180628637,0.987750,0.987810,0
20141102 180642633,0.987750,0.987830,0
20141102 180645633,0.987750,0.987860,0
20141102 180645883,0.987750,0.987810,0
20141102 180646383,0.987750,0.987780,0
20141102 180651383,0.987750,0.987810,0
20141102 180656133,0.987700,0.987810,0
20141102 180657633,0.987750,0.987810,0
20141102 180702383,0.987670,0.987710,0
20141102 180702633,0.987680,0.987810,0
20141102 180703133,0.987660,0.987780,0
20141102 180707383,0.987650,0.987780,0
20141102 180709633,0.987620,0.987670,0
20141102 180709883,0.987640,0.987770,0
20141102 180719883,0.987640,0.987750,0
20141102 180720133,0.987640,0.987770,0
20141102 180722133,0.987650,0.987770,0
20141102 180725150,0.987660,0.987770,0
20141102 180725400,0.987650,0.987660,0
20141102 180725650,0.987610,0.987740,0
20141102 180725883,0.987580,0.987710,0
20141102 180726133,0.987550,0.987680,0
20141102 180738633,0.987550,0.987670,0
20141102 180743883,0.987550,0.987640,0
20141102 180744133,0.987550,0.987680,0
20141102 180745883,0.987550,0.987660,0
20141102 180748633,0.987550,0.987680,0
20141102 180748883,0.987550,0.987670,0
20141102 180749883,0.987550,0.987680,0
20141102 180756383,0.987570,0.987700,0
20141102 180756883,0.987550,0.987680,0
20141102 180803133,0.987570,0.987680,0
20141102 180803383,0.987550,0.987680,0
20141102 180803883,0.987550,0.987560,0
20141102 180804133,0.987560,0.987690,0
20141102 180811633,0.987540,0.987550,0
20141102 180811883,0.987520,0.987630,0
20141102 180812133,0.987540,0.987630,0
20141102 180813133,0.987560,0.987660,0
20141102 180813383,0.987600,0.987690,0
20141102 180819133,0.987650,0.987720,0
20141102 180819383,0.987640,0.987720,0
20141102 180820633,0.987620,0.987720,0
20141102 180821133,0.987610,0.987720,0
20141102 180821383,0.987630,0.987750,0
20141102 180821633,0.987650,0.987750,0
20141102 180821883,0.987700,0.987770,0
20141102 180822383,0.987650,0.987770,0
20141102 180822633,0.987700,0.987770,0
20141102 180823383,0.987650,0.987780,0
20141102 180823633,0.987650,0.987720,0
20141102 180823883,0.987650,0.987750,0
20141102 180824133,0.987700,0.987750,0
20141102 180831383,0.987700,0.987780,0
20141102 180838883,0.987710,0.987780,0
20141102 180839383,0.987790,0.987810,0
20141102 180839633,0.987840,0.987860,0
20141102 180839883,0.987720,0.987810,0
20141102 180840133,0.987700,0.987810,0
20141102 180840633,0.987710,0.987810,0
20141102 180841383,0.987730,0.987810,0
20141102 180841883,0.987710,0.987810,0
20141102 180842633,0.987720,0.987810,0
20141102 180842883,0.987830,0.987860,0
20141102 180843133,0.987850,0.987950,0
20141102 180843883,0.987820,0.987950,0
20141102 180844633,0.987850,0.987950,0
20141102 180845133,0.987820,0.987950,0
20141102 180848133,0.987850,0.987970,0
20141102 180848383,0.987900,0.987990,0
20141102 180848633,0.987900,0.988020,0
20141102 180848883,0.987920,0.988050,0
20141102 180849133,0.988000,0.988050,0
20141102 180849633,0.988000,0.988020,0
20141102 180850383,0.987930,0.987980,0
20141102 180850633,0.987900,0.988010,0
20141102 180850883,0.987900,0.987980,0
20141102 180851900,0.987940,0.988010,0
20141102 180852133,0.988000,0.988030,0
20141102 180852633,0.987980,0.988060,0
20141102 180852883,0.988020,0.988080,0
20141102 180853133,0.988020,0.988040,0
20141102 180854633,0.988040,0.988050,0
20141102 180854883,0.988000,0.988070,0
20141102 180855133,0.988030,0.988070,0
20141102 180856383,0.988020,0.988140,0
20141102 180856633,0.988020,0.988040,0
20141102 180857133,0.988030,0.988040,0
20141102 180858633,0.988030,0.988070,0
20141102 180858883,0.988020,0.988040,0
20141102 180859633,0.988000,0.988040,0
20141102 180900883,0.988000,0.988010,0
20141102 180906383,0.988000,0.988050,0
20141102 180906633,0.988000,0.988040,0
20141102 180910883,0.988000,0.988010,0
20141102 180911133,0.988000,0.988040,0
20141102 180912383,0.988000,0.988140,0
20141102 180912633,0.988000,0.988020,0
20141102 180912883,0.988000,0.988140,0
20141102 180913133,0.988000,0.988130,0
20141102 180916633,0.988000,0.988140,0
20141102 180916900,0.988010,0.988030,0
20141102 180917150,0.988060,0.988070,0
20141102 180917400,0.988050,0.988160,0
20141102 180917633,0.988050,0.988120,0
20141102 180917883,0.988050,0.988080,0
20141102 180918633,0.988060,0.988080,0
20141102 180918883,0.988060,0.988110,0
20141102 180919883,0.988050,0.988110,0
20141102 180920133,0.988050,0.988080,0
20141102 180920383,0.988050,0.988060,0
20141102 180920633,0.988040,0.988090,0
20141102 180920883,0.988050,0.988090,0
20141102 180921383,0.988050,0.988110,0
20141102 180922133,0.988050,0.988090,0
20141102 180922633,0.988050,0.988110,0
20141102 180922883,0.988070,0.988090,0
20141102 180923133,0.988060,0.988070,0
20141102 180923383,0.988060,0.988110,0
20141102 180925133,0.988060,0.988080,0
20141102 180925383,0.988070,0.988110,0
20141102 180927133,0.988050,0.988110,0
20141102 180927383,0.988020,0.988090,0
20141102 180927883,0.988000,0.988060,0
20141102 180928150,0.988030,0.988080,0
20141102 180928633,0.988000,0.988090,0
20141102 180928883,0.988000,0.988060,0
20141102 180929650,0.987990,0.988050,0
20141102 180929883,0.987960,0.988020,0
20141102 180930133,0.987980,0.988020,0
20141102 180931633,0.987960,0.988020,0
20141102 180932133,0.987960,0.988050,0
20141102 180932383,0.988000,0.988050,0
20141102 180932633,0.988010,0.988030,0
20141102 180932883,0.987980,0.988030,0
20141102 180933133,0.987970,0.987990,0
20141102 180933633,0.987950,0.987990,0
20141102 180934383,0.987970,0.987990,0
20141102 180935633,0.987970,0.988010,0
20141102 180936633,0.987950,0.988020,0
20141102 180937133,0.987960,0.988020,0
20141102 180938383,0.987950,0.988020,0
20141102 180951883,0.987950,0.988050,0
20141102 180952133,0.987950,0.987990,0
20141102 181010383,0.987950,0.988020,0
20141102 181017133,0.987960,0.988020,0
20141102 181018633,0.987950,0.988020,0
20141102 181022883,0.987950,0.988050,0
20141102 181023633,0.987950,0.988010,0
20141102 181024133,0.987970,0.988010,0
20141102 181024883,0.987960,0.988010,0
20141102 181026133,0.987950,0.988010,0
20141102 181026383,0.987960,0.988010,0
20141102 181027883,0.987970,0.988010,0
20141102 181029383,0.987960,0.988010,0
20141102 181029883,0.987970,0.988010,0
20141102 181031383,0.987960,0.988010,0
20141102 181033883,0.987970,0.988010,0
20141102 181036633,0.987950,0.987990,0
20141102 181036883,0.987960,0.988010,0
20141102 181037133,0.987950,0.988010,0
20141102 181037633,0.987950,0.987990,0
20141102 181038133,0.987950,0.988030,0
20141102 181038383,0.987950,0.988010,0
20141102 181038883,0.987970,0.988010,0
20141102 181039133,0.987950,0.988010,0
20141102 181039383,0.987950,0.988030,0
20141102 181039633,0.987950,0.988000,0
20141102 181039883,0.987950,0.987970,0
20141102 181040133,0.987950,0.988010,0
20141102 181040383,0.988000,0.988010,0
20141102 181040633,0.988000,0.988030,0
20141102 181041883,0.988000,0.988010,0
20141102 181042883,0.988000,0.988030,0
20141102 181051633,0.988000,0.988010,0
20141102 181102883,0.988000,0.988030,0
20141102 181103383,0.988000,0.988010,0
20141102 181103633,0.988000,0.988050,0
20141102 181103883,0.988000,0.988010,0
20141102 181105133,0.988000,0.988090,0
20141102 181108883,0.988000,0.988130,0
20141102 181109133,0.988000,0.988010,0
20141102 181113883,0.988000,0.988030,0
20141102 181114133,0.987970,0.988050,0
20141102 181114383,0.988000,0.988050,0
20141102 181114633,0.988000,0.988080,0
20141102 181120633,0.988000,0.988050,0
20141102 181121383,0.987970,0.988050,0
20141102 181121633,0.987980,0.988050,0
20141102 181123633,0.987960,0.988050,0
20141102 181124633,0.987980,0.988050,0
20141102 181125383,0.987960,0.988050,0
20141102 181126633,0.987980,0.988050,0
20141102 181127883,0.988000,0.988050,0
20141102 181128133,0.988030,0.988080,0
20141102 181128383,0.988050,0.988110,0
20141102 181128883,0.988050,0.988080,0
20141102 181129133,0.988050,0.988100,0
20141102 181129383,0.988050,0.988080,0
20141102 181129633,0.988050,0.988060,0
20141102 181134633,0.988030,0.988050,0
20141102 181138633,0.988050,0.988060,0
20141102 181138883,0.988050,0.988080,0
20141102 181139133,0.988050,0.988110,0
20141102 181139383,0.988060,0.988110,0
20141102 181141133,0.988070,0.988080,0
20141102 181141383,0.988070,0.988100,0
20141102 181141633,0.988060,0.988100,0
20141102 181142133,0.988060,0.988120,0
20141102 181145883,0.988060,0.988160,0
20141102 181146133,0.988060,0.988140,0
20141102 181146383,0.988070,0.988140,0
20141102 181146883,0.988070,0.988160,0
20141102 181147133,0.988060,0.988160,0
20141102 181148133,0.988070,0.988160,0
20141102 181148633,0.988090,0.988160,0
20141102 181150133,0.988080,0.988160,0
20141102 181152383,0.988070,0.988160,0
20141102 181154133,0.988080,0.988160,0
20141102 181205133,0.988090,0.988160,0
20141102 181205883,0.988100,0.988160,0
20141102 181206133,0.988090,0.988160,0
20141102 181206633,0.988100,0.988160,0
20141102 181209883,0.988100,0.988180,0
20141102 181210133,0.988110,0.988180,0
20141102 181212883,0.988130,0.988180,0
20141102 181215133,0.988120,0.988180,0
20141102 181215383,0.988130,0.988180,0
20141102 181217883,0.988110,0.988180,0
20141102 181218133,0.988130,0.988180,0
20141102 181218633,0.988100,0.988180,0
20141102 181218897,0.988080,0.988180,0
20141102 181219133,0.988070,0.988180,0
20141102 181219383,0.988080,0.988180,0
20141102 181220133,0.988090,0.988180,0
20141102 181220383,0.988110,0.988180,0
20141102 181220633,0.988090,0.988180,0
20141102 181220883,0.988110,0.988180,0
20141102 181223133,0.988090,0.988180,0
20141102 181223383,0.988110,0.988180,0
20141102 181226133,0.988100,0.988180,0
20141102 181226383,0.988110,0.988180,0
20141102 181226633,0.988090,0.988180,0
20141102 181231633,0.988080,0.988180,0
20141102 181233133,0.988090,0.988180,0
20141102 181238633,0.988080,0.988180,0
20141102 181240383,0.988100,0.988180,0
20141102 181240633,0.988080,0.988180,0
20141102 181241383,0.988090,0.988180,0
20141102 181241883,0.988050,0.988170,0
20141102 181242633,0.988050,0.988140,0
20141102 181242883,0.988050,0.988090,0
20141102 181252133,0.988050,0.988110,0
20141102 181255383,0.988050,0.988140,0
20141102 181257383,0.988050,0.988110,0
20141102 181257633,0.988050,0.988060,0
20141102 181259133,0.988050,0.988100,0
20141102 181259883,0.988050,0.988070,0
20141102 181300133,0.987910,0.988040,0
20141102 181307633,0.987910,0.988020,0
20141102 181307883,0.987950,0.988020,0
20141102 181308633,0.987930,0.988020,0
20141102 181308883,0.987930,0.987990,0
20141102 181313383,0.987950,0.987970,0
20141102 181313633,0.987950,0.988060,0
20141102 181314383,0.987950,0.988050,0
20141102 181314633,0.987900,0.987940,0
20141102 181314883,0.987950,0.988060,0
20141102 181325883,0.987900,0.987940,0
20141102 181327883,0.987900,0.987960,0
20141102 181334633,0.987900,0.987930,0
20141102 181334883,0.987900,0.987910,0
20141102 181337883,0.987850,0.987890,0
20141102 181338133,0.987830,0.987860,0
20141102 181338633,0.987850,0.987860,0
20141102 181341633,0.987860,0.987870,0
20141102 181342383,0.987850,0.987890,0
20141102 181342883,0.987850,0.987860,0
20141102 181343633,0.987860,0.987920,0
20141102 181343883,0.987870,0.987950,0
20141102 181344133,0.987880,0.987970,0
20141102 181344383,0.987900,0.987970,0
20141102 181344883,0.987910,0.987970,0
20141102 181349633,0.987900,0.987970,0
20141102 181349883,0.987920,0.987970,0
20141102 181351633,0.987900,0.987970,0
20141102 181351883,0.987890,0.987950,0
20141102 181353883,0.987910,0.987950,0
20141102 181355383,0.987890,0.987950,0
20141102 181355633,0.987910,0.987950,0
20141102 181359883,0.987890,0.987950,0
20141102 181407633,0.987890,0.987920,0
20141102 181407883,0.987890,0.987950,0
20141102 181410133,0.987910,0.987950,0
20141102 181410383,0.987890,0.987920,0
20141102 181410633,0.987910,0.987920,0
20141102 181411133,0.987920,0.987950,0
20141102 181411883,0.987910,0.987950,0
20141102 181413883,0.987890,0.987950,0
20141102 181414133,0.987910,0.987950,0
20141102 181415633,0.987920,0.987950,0
20141102 181415883,0.987900,0.987950,0
20141102 181416133,0.987920,0.987950,0
20141102 181417133,0.987910,0.987950,0
20141102 181417633,0.987930,0.987950,0
20141102 181418133,0.987910,0.987950,0
20141102 181419133,0.987900,0.987950,0
20141102 181419883,0.987910,0.987950,0
20141102 181420133,0.987890,0.987950,0
20141102 181422383,0.987890,0.987970,0
20141102 181422633,0.987910,0.987950,0
20141102 181425883,0.987900,0.987950,0
20141102 181428880,0.987910,0.987950,0
20141102 181429130,0.987900,0.987950,0
20141102 181430380,0.987950,0.987960,0
20141102 181430880,0.987960,0.987980,0
20141102 181431130,0.987980,0.988020,0
20141102 181432130,0.987970,0.988020,0
20141102 181435130,0.987980,0.988020,0
20141102 181436130,0.987860,0.987960,0
20141102 181436380,0.987800,0.987860,0
20141102 181436647,0.987800,0.987930,0
20141102 181436880,0.987950,0.988050,0
20141102 181437130,0.988030,0.988110,0
20141102 181438630,0.987900,0.988010,0
20141102 181438880,0.987930,0.988020,0
20141102 181439880,0.987930,0.988040,0
20141102 181440880,0.987930,0.988060,0
20141102 181441147,0.987950,0.988080,0
20141102 181442880,0.987930,0.988050,0
20141102 181443130,0.987950,0.988080,0
20141102 181443630,0.987930,0.988050,0
20141102 181444880,0.987950,0.988050,0
20141102 181449630,0.987880,0.988010,0
20141102 181449880,0.987840,0.987970,0
20141102 181450130,0.987860,0.987990,0
20141102 181450380,0.987910,0.988040,0
20141102 181450630,0.987930,0.988060,0
20141102 181450880,0.987970,0.988100,0
20141102 181451380,0.987950,0.988070,0
20141102 181451630,0.987910,0.988040,0
20141102 181453380,0.987880,0.988010,0
20141102 181455130,0.987850,0.987980,0
20141102 181455380,0.987880,0.988010,0
20141102 181455630,0.987850,0.987980,0
20141102 181457880,0.987880,0.988010,0
20141102 181458130,0.987850,0.987980,0
20141102 181459880,0.987880,0.988010,0
20141102 181500630,0.987900,0.988030,0
20141102 181500880,0.987880,0.988010,0
20141102 181501130,0.987910,0.988040,0
20141102 181545880,0.987920,0.988040,0
20141102 181547130,0.987910,0.988010,0
20141102 181547630,0.987920,0.988010,0
20141102 181548130,0.987900,0.987990,0
20141102 181548380,0.987900,0.987970,0
20141102 181548630,0.987900,0.987990,0
20141102 181557630,0.987900,0.988010,0
20141102 181557880,0.987900,0.987990,0
20141102 181558630,0.987900,0.988020,0
20141102 181600380,0.987900,0.987990,0
20141102 181600630,0.987900,0.987950,0
20141102 181600880,0.987900,0.987930,0
20141102 181601880,0.987900,0.987960,0
20141102 181602880,0.987900,0.987930,0
20141102 181603880,0.987860,0.987960,0
20141102 181604130,0.987880,0.987930,0
20141102 181604380,0.987880,0.987980,0
20141102 181605130,0.987880,0.987950,0
20141102 181605380,0.987880,0.987980,0
20141102 181605880,0.987880,0.987950,0
20141102 181606130,0.987880,0.987980,0
20141102 181606630,0.987880,0.987950,0
20141102 181606880,0.987850,0.987980,0
20141102 181607130,0.987880,0.987980,0
20141102 181607380,0.987850,0.987950,0
20141102 181607630,0.987870,0.987920,0
20141102 181608130,0.987870,0.987940,0
20141102 181608380,0.987870,0.987930,0
20141102 181609380,0.987830,0.987930,0
20141102 181615130,0.987830,0.987900,0
20141102 181621380,0.987800,0.987880,0
20141102 181621630,0.987800,0.987830,0
20141102 181623130,0.987810,0.987830,0
20141102 181623880,0.987800,0.987830,0
20141102 181625380,0.987800,0.987860,0
20141102 181627130,0.987800,0.987830,0
20141102 181632380,0.987850,0.987860,0
20141102 181638130,0.987820,0.987830,0
20141102 181638380,0.987850,0.987860,0
20141102 181639630,0.987850,0.987890,0
20141102 181640630,0.987850,0.987920,0
20141102 181644130,0.987860,0.987920,0
20141102 181646380,0.987850,0.987920,0
20141102 181646630,0.987860,0.987920,0
20141102 181646897,0.987810,0.987920,0
20141102 181647630,0.987820,0.987920,0
20141102 181647880,0.987850,0.987950,0
20141102 181648130,0.987850,0.987930,0
20141102 181648380,0.987840,0.987910,0
20141102 181648630,0.987810,0.987910,0
20141102 181648880,0.987820,0.987910,0
20141102 181649130,0.987840,0.987910,0
20141102 181649380,0.987810,0.987870,0
20141102 181649630,0.987750,0.987860,0
20141102 181649880,0.987750,0.987830,0
20141102 181650380,0.987790,0.987830,0
20141102 181650630,0.987800,0.987860,0
20141102 181650880,0.987820,0.987860,0
20141102 181651130,0.987830,0.987860,0
20141102 181651880,0.987840,0.987890,0
20141102 181652130,0.987840,0.987920,0
20141102 181654130,0.987810,0.987920,0
20141102 181658130,0.987800,0.987890,0
20141102 181658380,0.987650,0.987680,0
20141102 181659130,0.987650,0.987710,0
20141102 181659630,0.987670,0.987710,0
20141102 181700130,0.987670,0.987740,0
20141102 181700380,0.987670,0.987770,0
20141102 181700630,0.987670,0.987740,0
20141102 181701380,0.987650,0.987740,0
20141102 181702880,0.987650,0.987770,0
20141102 181703130,0.987600,0.987710,0
20141102 181705380,0.987610,0.987740,0
20141102 181705630,0.987600,0.987710,0
20141102 181716380,0.987620,0.987710,0
20141102 181719380,0.987650,0.987710,0
20141102 181720380,0.987620,0.987710,0
20141102 181722130,0.987650,0.987710,0
20141102 181722380,0.987650,0.987760,0
20141102 181730880,0.987670,0.987800,0
20141102 181731380,0.987710,0.987800,0
20141102 181731630,0.987730,0.987830,0
20141102 181739130,0.987790,0.987850,0
20141102 181739630,0.987790,0.987880,0
20141102 181739880,0.987790,0.987850,0
20141102 181742630,0.987700,0.987830,0
20141102 181755630,0.987700,0.987790,0
20141102 181755880,0.987690,0.987790,0
20141102 181756130,0.987670,0.987790,0
20141102 181757630,0.987660,0.987790,0
20141102 181829380,0.987650,0.987760,0
20141102 181848380,0.987670,0.987760,0
20141102 181849880,0.987660,0.987760,0
20141102 181850130,0.987640,0.987690,0
20141102 181850380,0.987550,0.987650,0
20141102 181850630,0.987550,0.987620,0
20141102 181902880,0.987540,0.987620,0
20141102 181908130,0.987520,0.987620,0
20141102 181908380,0.987500,0.987620,0
20141102 181913630,0.987490,0.987600,0
20141102 181913880,0.987490,0.987620,0
20141102 181914130,0.987520,0.987640,0
20141102 181914380,0.987550,0.987680,0
20141102 181916630,0.987560,0.987680,0
20141102 181924380,0.987550,0.987680,0
20141102 181924630,0.987550,0.987650,0
20141102 181927630,0.987550,0.987680,0
20141102 181934130,0.987580,0.987700,0
20141102 181934630,0.987570,0.987690,0
20141102 181934880,0.987580,0.987710,0
20141102 181939630,0.987590,0.987710,0
20141102 181940130,0.987580,0.987710,0
20141102 181947130,0.987620,0.987730,0
20141102 181947380,0.987590,0.987710,0
20141102 181947630,0.987590,0.987720,0
20141102 182008630,0.987600,0.987720,0
20141102 182016880,0.987610,0.987740,0
20141102 182017630,0.987650,0.987740,0
20141102 182020147,0.987650,0.987770,0
20141102 182021130,0.987640,0.987770,0
20141102 182021880,0.987650,0.987770,0
20141102 182023380,0.987650,0.987760,0
20141102 182023630,0.987650,0.987770,0
20141102 182023880,0.987650,0.987740,0
20141102 182024130,0.987650,0.987760,0
20141102 182053880,0.987680,0.987760,0
20141102 182054130,0.987700,0.987820,0
20141102 182054380,0.987750,0.987820,0
20141102 182104647,0.987750,0.987850,0
20141102 182104880,0.987800,0.987820,0
20141102 182105130,0.987750,0.987820,0
20141102 182106130,0.987750,0.987850,0
20141102 182107880,0.987780,0.987880,0
20141102 182114380,0.987780,0.987870,0
20141102 182115380,0.987780,0.987880,0
20141102 182115880,0.987780,0.987870,0
20141102 182116130,0.987780,0.987880,0
20141102 182116380,0.987780,0.987870,0
20141102 182117130,0.987780,0.987880,0
20141102 182117380,0.987780,0.987870,0
20141102 182117630,0.987750,0.987880,0
20141102 182117880,0.987750,0.987870,0
20141102 182118130,0.987750,0.987880,0
20141102 182118630,0.987750,0.987840,0
20141102 182118880,0.987750,0.987860,0
20141102 182119130,0.987750,0.987840,0
20141102 182119380,0.987800,0.987850,0
20141102 182119630,0.987800,0.987870,0
20141102 182119880,0.987800,0.987880,0
20141102 182120130,0.987800,0.987870,0
20141102 182120380,0.987800,0.987860,0
20141102 182120630,0.987800,0.987870,0
20141102 182121380,0.987800,0.987880,0
20141102 182121630,0.987800,0.987860,0
20141102 182122380,0.987800,0.987870,0
20141102 182122630,0.987800,0.987860,0
20141102 182123130,0.987800,0.987850,0
20141102 182123380,0.987800,0.987860,0
20141102 182123630,0.987800,0.987880,0
20141102 182125380,0.987800,0.987870,0
20141102 182125630,0.987800,0.987880,0
20141102 182125880,0.987800,0.987840,0
20141102 182126130,0.987800,0.987860,0
20141102 182126380,0.987800,0.987830,0
20141102 182126630,0.987800,0.987880,0
20141102 182127130,0.987800,0.987850,0
20141102 182127380,0.987800,0.987820,0
20141102 182127630,0.987800,0.987860,0
20141102 182127880,0.987800,0.987820,0
20141102 182128130,0.987800,0.987880,0
20141102 182128630,0.987800,0.987870,0
20141102 182128880,0.987800,0.987880,0
20141102 182129130,0.987800,0.987860,0
20141102 182129630,0.987800,0.987880,0
20141102 182129880,0.987800,0.987830,0
20141102 182130130,0.987800,0.987850,0
20141102 182130630,0.987800,0.987840,0
20141102 182130880,0.987800,0.987860,0
20141102 182131130,0.987800,0.987880,0
20141102 182131380,0.987800,0.987860,0
20141102 182131630,0.987800,0.987880,0
20141102 182131880,0.987800,0.987850,0
20141102 182132130,0.987800,0.987880,0
20141102 182132880,0.987800,0.987870,0
20141102 182133130,0.987800,0.987850,0
20141102 182133380,0.987800,0.987840,0
20141102 182133880,0.987800,0.987850,0
20141102 182134130,0.987800,0.987840,0
20141102 182134380,0.987800,0.987860,0
20141102 182134880,0.987800,0.987880,0
20141102 182135630,0.987800,0.987850,0
20141102 182135880,0.987800,0.987870,0
20141102 182136130,0.987800,0.987880,0
20141102 182136380,0.987800,0.987830,0
20141102 182137380,0.987800,0.987820,0
20141102 182137630,0.987800,0.987840,0
20141102 182137880,0.987800,0.987850,0
20141102 182138130,0.987800,0.987860,0
20141102 182138380,0.987800,0.987870,0
20141102 182138630,0.987750,0.987850,0
20141102 182138880,0.987750,0.987830,0
20141102 182139380,0.987750,0.987820,0
20141102 182139630,0.987750,0.987800,0
20141102 182140380,0.987750,0.987830,0
20141102 182141130,0.987750,0.987850,0
20141102 182141380,0.987750,0.987830,0
20141102 182141630,0.987750,0.987810,0
20141102 182142130,0.987750,0.987850,0
20141102 182142380,0.987750,0.987830,0
20141102 182143630,0.987800,0.987830,0
20141102 182144380,0.987800,0.987840,0
20141102 182145880,0.987800,0.987870,0
20141102 182146130,0.987800,0.987840,0
20141102 182146630,0.987850,0.987860,0
20141102 182147130,0.987850,0.987890,0
20141102 182149130,0.987850,0.987920,0
20141102 182149380,0.987850,0.987940,0
20141102 182149880,0.987850,0.987960,0
20141102 182150130,0.987850,0.987940,0
20141102 182151880,0.987870,0.987990,0
20141102 182152130,0.987850,0.987970,0
20141102 182159130,0.987850,0.987950,0
20141102 182159380,0.987850,0.987980,0
20141102 182201130,0.987860,0.987980,0
20141102 182201380,0.987850,0.987980,0
20141102 182203380,0.987860,0.987980,0
20141102 182204130,0.987850,0.987980,0
20141102 182204380,0.987890,0.988010,0
20141102 182204630,0.987860,0.987990,0
20141102 182204880,0.987860,0.987970,0
20141102 182205130,0.987830,0.987950,0
20141102 182205380,0.987850,0.987970,0
20141102 182205630,0.987830,0.987950,0
20141102 182205880,0.987820,0.987950,0
20141102 182206130,0.987850,0.987980,0
20141102 182206380,0.987840,0.987960,0
20141102 182206630,0.987890,0.988010,0
20141102 182206880,0.987850,0.987980,0
20141102 182207380,0.987860,0.987980,0
20141102 182207630,0.987850,0.987980,0
20141102 182207880,0.987860,0.987980,0
20141102 182209880,0.987850,0.987980,0
20141102 182210380,0.987870,0.988000,0
20141102 182212880,0.987850,0.987980,0
20141102 182227377,0.987900,0.988030,0
20141102 182227627,0.987880,0.988010,0
20141102 182227877,0.987860,0.987990,0
20141102 182228127,0.987840,0.987960,0
20141102 182228377,0.987860,0.987990,0
20141102 182228627,0.987840,0.987970,0
20141102 182228877,0.987850,0.987970,0
20141102 182229127,0.987860,0.987990,0
20141102 182229377,0.987840,0.987970,0
20141102 182229877,0.987860,0.987970,0
20141102 182230127,0.987840,0.987970,0
20141102 182230377,0.987840,0.987960,0
20141102 182230627,0.987850,0.987980,0
20141102 182231627,0.987820,0.987950,0
20141102 182232377,0.987820,0.987930,0
20141102 182232627,0.987830,0.987960,0
20141102 182238377,0.987830,0.987940,0
20141102 182238627,0.987840,0.987970,0
20141102 182239377,0.987850,0.987980,0
20141102 182239877,0.987830,0.987950,0
20141102 182240127,0.987850,0.987980,0
20141102 182241127,0.987830,0.987950,0
20141102 182241627,0.987850,0.987980,0
20141102 182241877,0.987840,0.987950,0
20141102 182242127,0.987860,0.987990,0
20141102 182242377,0.987850,0.987980,0
20141102 182243377,0.987820,0.987950,0
20141102 182244127,0.987850,0.987980,0
20141102 182244377,0.987830,0.987950,0
20141102 182244627,0.987820,0.987950,0
20141102 182244877,0.987830,0.987950,0
20141102 182245127,0.987850,0.987980,0
20141102 182245627,0.987830,0.987950,0
20141102 182245877,0.987840,0.987970,0
20141102 182246377,0.987860,0.987990,0
20141102 182246627,0.987840,0.987960,0
20141102 182246877,0.987860,0.987990,0
20141102 182247127,0.987830,0.987960,0
20141102 182247377,0.987880,0.987980,0
20141102 182247627,0.987850,0.987980,0
20141102 182247877,0.987840,0.987960,0
20141102 182252877,0.987850,0.987940,0
20141102 182253127,0.987810,0.987920,0
20141102 182253377,0.987830,0.987920,0
20141102 182253627,0.987800,0.987920,0
20141102 182253877,0.987820,0.987940,0
20141102 182256377,0.987810,0.987940,0
20141102 182257627,0.987830,0.987940,0
20141102 182300377,0.987810,0.987940,0
20141102 182300627,0.987830,0.987940,0
20141102 182300877,0.987810,0.987940,0
20141102 182301127,0.987840,0.987940,0
20141102 182301377,0.987810,0.987940,0
20141102 182301627,0.987820,0.987940,0
20141102 182302627,0.987810,0.987940,0
20141102 182303127,0.987820,0.987940,0
20141102 182304877,0.987810,0.987940,0
20141102 182305127,0.987820,0.987940,0
20141102 182305377,0.987810,0.987940,0
20141102 182308627,0.987820,0.987940,0
20141102 182308877,0.987810,0.987940,0
20141102 182312127,0.987790,0.987920,0
20141102 182312377,0.987730,0.987860,0
20141102 182319127,0.987730,0.987850,0
20141102 182319877,0.987730,0.987860,0
20141102 182337627,0.987730,0.987850,0
20141102 182338377,0.987730,0.987860,0
20141102 182340377,0.987730,0.987850,0
20141102 182340877,0.987730,0.987860,0
20141102 182342127,0.987730,0.987840,0
20141102 182342627,0.987730,0.987860,0
20141102 182342877,0.987730,0.987850,0
20141102 182343627,0.987730,0.987860,0
20141102 182344877,0.987730,0.987850,0
20141102 182346627,0.987730,0.987860,0
20141102 182347127,0.987730,0.987850,0
20141102 182347377,0.987730,0.987830,0
20141102 182347627,0.987730,0.987850,0
20141102 182347877,0.987730,0.987860,0
20141102 182348127,0.987730,0.987850,0
20141102 182348377,0.987730,0.987830,0
20141102 182348627,0.987730,0.987860,0
20141102 182353627,0.987730,0.987850,0
20141102 182354377,0.987730,0.987860,0
20141102 182354627,0.987730,0.987850,0
20141102 182355627,0.987730,0.987860,0
20141102 182403377,0.987730,0.987850,0
20141102 182403627,0.987730,0.987860,0
20141102 182405627,0.987730,0.987850,0
20141102 182406127,0.987730,0.987860,0
20141102 182409127,0.987730,0.987850,0
20141102 182409377,0.987730,0.987860,0
20141102 182410127,0.987730,0.987850,0
20141102 182410377,0.987730,0.987860,0
20141102 182414877,0.987760,0.987870,0
20141102 182415127,0.987800,0.987910,0
20141102 182415377,0.987810,0.987920,0
20141102 182415627,0.987800,0.987920,0
20141102 182415877,0.987800,0.987890,0
20141102 182417127,0.987800,0.987920,0
20141102 182418127,0.987800,0.987890,0
20141102 182418377,0.987800,0.987860,0
20141102 182418627,0.987750,0.987830,0
20141102 182430377,0.987760,0.987830,0
20141102 182430627,0.987750,0.987830,0
20141102 182431877,0.987760,0.987830,0
20141102 182432127,0.987770,0.987830,0
20141102 182432377,0.987750,0.987830,0
20141102 182440877,0.987800,0.987830,0
20141102 182444377,0.987750,0.987830,0
20141102 182454627,0.987760,0.987830,0
20141102 182455377,0.987750,0.987830,0
20141102 182455627,0.987750,0.987860,0
20141102 182455893,0.987800,0.987880,0
20141102 182456377,0.987800,0.987900,0
20141102 182459627,0.987800,0.987920,0
20141102 182500143,0.987800,0.987870,0
20141102 182500377,0.987770,0.987900,0
20141102 182500627,0.987800,0.987900,0
20141102 182501377,0.987800,0.987880,0
20141102 182501627,0.987800,0.987860,0
20141102 182502127,0.987800,0.987880,0
20141102 182502377,0.987800,0.987900,0
20141102 182506627,0.987800,0.987920,0
20141102 182511877,0.987800,0.987900,0
20141102 182515377,0.987800,0.987930,0
20141102 182515627,0.987800,0.987900,0
20141102 182516377,0.987800,0.987930,0
20141102 182517877,0.987800,0.987920,0
20141102 182518627,0.987800,0.987930,0
20141102 182519127,0.987800,0.987900,0
20141102 182523377,0.987800,0.987930,0
20141102 182523627,0.987900,0.987930,0
20141102 182527127,0.987900,0.987920,0
20141102 182527377,0.987900,0.987930,0
20141102 182527877,0.987900,0.987920,0
20141102 182529377,0.987900,0.987930,0
20141102 182529627,0.987900,0.987920,0
20141102 182529877,0.987900,0.987930,0
20141102 182530127,0.987900,0.987920,0
20141102 182532877,0.987900,0.987930,0
20141102 182533377,0.987900,0.987920,0
20141102 182533627,0.987900,0.987930,0
20141102 182538377,0.987900,0.987920,0
20141102 182538877,0.987900,0.987930,0
20141102 182539377,0.987900,0.987920,0
20141102 182539877,0.987900,0.987930,0
20141102 182540377,0.987900,0.987920,0
20141102 182540627,0.987900,0.987930,0
20141102 182540877,0.987900,0.987920,0
20141102 182541627,0.987900,0.987930,0
20141102 182542377,0.987900,0.987920,0
20141102 182542627,0.987900,0.987950,0
20141102 182542877,0.987900,0.987930,0
20141102 182546877,0.987900,0.987920,0
20141102 182547127,0.987900,0.987930,0
20141102 182607127,0.987900,0.987920,0
20141102 182608377,0.987900,0.987930,0
20141102 182608877,0.987900,0.987920,0
20141102 182609877,0.987900,0.987930,0
20141102 182614127,0.987900,0.987920,0
20141102 182614627,0.987900,0.987930,0
20141102 182614877,0.987900,0.987920,0
20141102 182615127,0.987900,0.987930,0
20141102 182616127,0.987900,0.987920,0
20141102 182616377,0.987900,0.987930,0
20141102 182617127,0.987800,0.987910,0
20141102 182617377,0.987800,0.987900,0
20141102 182617627,0.987800,0.987930,0
20141102 182618377,0.987830,0.987940,0
20141102 182618627,0.987800,0.987920,0
20141102 182619377,0.987820,0.987940,0
20141102 182619627,0.987820,0.987950,0
20141102 182619877,0.987820,0.987930,0
20141102 182620127,0.987820,0.987950,0
20141102 182620377,0.987820,0.987920,0
20141102 182620627,0.987820,0.987940,0
20141102 182620877,0.987820,0.987920,0
20141102 182621127,0.987820,0.987930,0
20141102 182621377,0.987800,0.987920,0
20141102 182624627,0.987820,0.987930,0
20141102 182625377,0.987820,0.987950,0
20141102 182625877,0.987850,0.987950,0
20141102 182628877,0.987850,0.987920,0
20141102 182629127,0.987850,0.987950,0
20141102 182631377,0.987850,0.987910,0
20141102 182631627,0.987850,0.987930,0
20141102 182632877,0.987850,0.987950,0
20141102 182633627,0.987850,0.987930,0
20141102 182635127,0.987850,0.987940,0
20141102 182635377,0.987850,0.987960,0
20141102 182636377,0.987850,0.987930,0
20141102 182636627,0.987850,0.987960,0
20141102 182637877,0.987850,0.987950,0
20141102 182638127,0.987850,0.987960,0
20141102 182639877,0.987850,0.987950,0
20141102 182640127,0.987850,0.987960,0
20141102 182640877,0.987850,0.987950,0
20141102 182641127,0.987850,0.987960,0
20141102 182643393,0.987850,0.987950,0
20141102 182643643,0.987850,0.987930,0
20141102 182645627,0.987850,0.987950,0
20141102 182647627,0.987850,0.987930,0
20141102 182656393,0.987850,0.987920,0
20141102 182657127,0.987850,0.987950,0
20141102 182657377,0.987850,0.987920,0
20141102 182657627,0.987850,0.987940,0
20141102 182657877,0.987850,0.987950,0
20141102 182700143,0.987850,0.987970,0
20141102 182700407,0.987870,0.988000,0
20141102 182700643,0.987900,0.988010,0
20141102 182700877,0.987900,0.988000,0
20141102 182701127,0.987900,0.988010,0
20141102 182701877,0.987920,0.988040,0
20141102 182702127,0.987900,0.988000,0
20141102 182702377,0.987900,0.988030,0
20141102 182703127,0.987900,0.988000,0
20141102 182703643,0.987900,0.988030,0
20141102 182709127,0.987930,0.988040,0
20141102 182709377,0.987900,0.988020,0
20141102 182710127,0.987920,0.988040,0
20141102 182710377,0.987900,0.988020,0
20141102 182710627,0.987920,0.988040,0
20141102 182710877,0.987900,0.988000,0
20141102 182711377,0.987900,0.988030,0
20141102 182711627,0.987900,0.988000,0
20141102 182712627,0.987900,0.988030,0
20141102 182712877,0.987900,0.988000,0
20141102 182714627,0.987900,0.988030,0
20141102 182719127,0.987900,0.988000,0
20141102 182719377,0.987900,0.988030,0
20141102 182719877,0.987900,0.988000,0
20141102 182720127,0.987900,0.988030,0
20141102 182728877,0.987930,0.988040,0
20141102 182732627,0.987900,0.988010,0
20141102 182734127,0.987910,0.988010,0
20141102 182734377,0.987900,0.988010,0
20141102 182738627,0.987910,0.988010,0
20141102 182738877,0.987900,0.988010,0
20141102 182740627,0.987910,0.988010,0
20141102 182740877,0.987900,0.988010,0
20141102 182742627,0.987900,0.987970,0
20141102 182742877,0.987900,0.988000,0
20141102 182743127,0.987950,0.988050,0
20141102 182743377,0.987940,0.988070,0
20141102 182743627,0.987970,0.988100,0
20141102 182744127,0.988000,0.988100,0
20141102 182744627,0.987970,0.988100,0
20141102 182747127,0.988000,0.988100,0
20141102 182749127,0.988000,0.988070,0
20141102 182752627,0.988000,0.988040,0
20141102 182759127,0.988000,0.988070,0
20141102 182800127,0.988000,0.988100,0
20141102 182805877,0.988020,0.988100,0
20141102 182806127,0.988050,0.988130,0
20141102 182806377,0.988050,0.988100,0
20141102 182812627,0.988000,0.988100,0
20141102 182812893,0.987950,0.988080,0
20141102 182813127,0.987980,0.988030,0
20141102 182813377,0.987960,0.988080,0
20141102 182813627,0.987930,0.988060,0
20141102 182813877,0.987900,0.988030,0
20141102 182814377,0.987910,0.988030,0
20141102 182815127,0.987920,0.988050,0
20141102 182816127,0.987910,0.988020,0
20141102 182816377,0.987890,0.988020,0
20141102 182816643,0.987910,0.988040,0
20141102 182817377,0.987890,0.988020,0
20141102 182817627,0.987910,0.988040,0
20141102 182817877,0.987900,0.988020,0
20141102 182819627,0.987890,0.988020,0
20141102 182819877,0.987920,0.988020,0
20141102 182820377,0.987900,0.988020,0
20141102 182820627,0.987910,0.988020,0
20141102 182821377,0.987890,0.988020,0
20141102 182821627,0.987910,0.988020,0
20141102 182822627,0.987910,0.988040,0
20141102 182823127,0.987910,0.988020,0
20141102 182823627,0.987920,0.988020,0
20141102 182824377,0.987900,0.988020,0
20141102 182825877,0.987920,0.988020,0
20141102 182826127,0.987890,0.988020,0
20141102 182826893,0.987890,0.988000,0
20141102 182828377,0.987900,0.988000,0
20141102 182828627,0.987920,0.988000,0
20141102 182828877,0.987900,0.988000,0
20141102 182829127,0.987920,0.988000,0
20141102 182829377,0.987900,0.988000,0
20141102 182829627,0.987890,0.988000,0
20141102 182830377,0.987910,0.988000,0
20141102 182831127,0.987920,0.988030,0
20141102 182831377,0.987910,0.987980,0
20141102 182831627,0.987910,0.988040,0
20141102 182832627,0.987930,0.988040,0
20141102 182833377,0.987920,0.988040,0
20141102 182834377,0.987940,0.988070,0
20141102 182834643,0.987940,0.988040,0
20141102 182834893,0.987970,0.988100,0
20141102 182835127,0.987990,0.988120,0
20141102 182835377,0.988020,0.988150,0
20141102 182835627,0.988060,0.988190,0
20141102 182835877,0.988030,0.988160,0
20141102 182836127,0.988050,0.988160,0
20141102 182836377,0.988030,0.988160,0
20141102 182837377,0.988060,0.988190,0
20141102 182837627,0.988100,0.988230,0
20141102 182837877,0.988040,0.988170,0
20141102 182838377,0.988030,0.988160,0
20141102 182838877,0.988030,0.988150,0
20141102 182840143,0.988030,0.988140,0
20141102 182840377,0.988030,0.988160,0
20141102 182840627,0.988030,0.988150,0
20141102 182840877,0.988030,0.988160,0
20141102 182844377,0.988030,0.988150,0
20141102 182844627,0.988030,0.988160,0
20141102 182846627,0.988030,0.988150,0
20141102 182850127,0.988030,0.988160,0
20141102 182850377,0.988100,0.988160,0
20141102 182851377,0.988050,0.988160,0
20141102 182851877,0.988050,0.988130,0
20141102 182900377,0.988030,0.988160,0
20141102 182900627,0.988150,0.988200,0
20141102 182901877,0.988150,0.988180,0
20141102 182902127,0.988050,0.988130,0
20141102 182902643,0.988000,0.988130,0
20141102 182902893,0.988030,0.988130,0
20141102 182903143,0.988030,0.988160,0
20141102 182904127,0.988010,0.988140,0
20141102 182904377,0.988000,0.988120,0
20141102 182905127,0.988050,0.988110,0
20141102 182905377,0.988050,0.988090,0
20141102 182907877,0.988000,0.988090,0
20141102 182908377,0.988100,0.988110,0
20141102 182908627,0.988100,0.988130,0
20141102 182912377,0.988050,0.988160,0
20141102 182912627,0.988150,0.988220,0
20141102 182912877,0.988150,0.988180,0
20141102 182913377,0.988150,0.988160,0
20141102 182914627,0.988150,0.988180,0
20141102 182915127,0.988150,0.988200,0
20141102 182915377,0.988100,0.988190,0
20141102 182915627,0.988100,0.988180,0
20141102 182915877,0.988100,0.988160,0
20141102 182916127,0.988100,0.988180,0
20141102 182916377,0.988100,0.988210,0
20141102 182916627,0.988200,0.988210,0
20141102 182917877,0.988100,0.988210,0
20141102 182918127,0.988100,0.988180,0
20141102 182918377,0.988100,0.988150,0
20141102 182918627,0.988100,0.988190,0
20141102 182918877,0.988100,0.988210,0
20141102 182919127,0.988100,0.988160,0
20141102 182919627,0.988100,0.988190,0
20141102 182923377,0.988060,0.988190,0
20141102 182923627,0.988030,0.988160,0
20141102 182927377,0.988010,0.988140,0
20141102 182928627,0.987990,0.988120,0
20141102 182928877,0.987960,0.988090,0
20141102 182930377,0.988000,0.988130,0
20141102 182930627,0.987970,0.988100,0
20141102 182931377,0.987940,0.988060,0
20141102 182931627,0.987910,0.988040,0
20141102 182932627,0.987880,0.988010,0
20141102 182932877,0.987910,0.988040,0
20141102 182934390,0.987880,0.988010,0
20141102 182934627,0.987910,0.988040,0
20141102 182945877,0.987940,0.988040,0
20141102 182946127,0.987940,0.988060,0
20141102 182946877,0.987940,0.988070,0
20141102 182947127,0.987940,0.988050,0
20141102 182947377,0.987940,0.988040,0
20141102 182948127,0.987920,0.988050,0
20141102 182948627,0.987940,0.988050,0
20141102 182949127,0.987920,0.988040,0
20141102 182949377,0.987920,0.988030,0
20141102 182949627,0.987940,0.988070,0
20141102 182950140,0.987940,0.988040,0
20141102 182950377,0.987950,0.988040,0
20141102 182952877,0.987930,0.988040,0
20141102 182953127,0.987940,0.988040,0
20141102 182953377,0.987930,0.988010,0
20141102 182953627,0.987920,0.988010,0
20141102 182954127,0.987910,0.987990,0
20141102 182954627,0.987910,0.988010,0
20141102 182955877,0.987900,0.988010,0
20141102 182956627,0.987910,0.988010,0
20141102 182957127,0.987910,0.987980,0
20141102 182957377,0.987910,0.988010,0
20141102 182959127,0.987930,0.987980,0
20141102 182959377,0.987910,0.987980,0
20141102 182959627,0.987920,0.988020,0
20141102 183000390,0.987910,0.988020,0
20141102 183000627,0.987900,0.988000,0
20141102 183001127,0.987930,0.988000,0
20141102 183001640,0.987940,0.988000,0
20141102 183001877,0.987960,0.988000,0
20141102 183002127,0.987940,0.988000,0
20141102 183002627,0.987930,0.988000,0
20141102 183002877,0.987900,0.987980,0
20141102 183003127,0.987910,0.987930,0
20141102 183003377,0.987860,0.987910,0
20141102 183003627,0.987890,0.987910,0
20141102 183003877,0.987880,0.987910,0
20141102 183004877,0.987860,0.987910,0
20141102 183007877,0.987860,0.987880,0
20141102 183008127,0.987870,0.987880,0
20141102 183008627,0.987860,0.987880,0
20141102 183008877,0.987870,0.987880,0
20141102 183009627,0.987860,0.987880,0
20141102 183009877,0.987880,0.987890,0
20141102 183010377,0.987860,0.987880,0
20141102 183010627,0.987880,0.987890,0
20141102 183012377,0.987860,0.987880,0
20141102 183012877,0.987870,0.987880,0
20141102 183013377,0.987880,0.987890,0
20141102 183013627,0.987810,0.987850,0
20141102 183013890,0.987800,0.987880,0
20141102 183014127,0.987850,0.987860,0
20141102 183014377,0.987850,0.987880,0
20141102 183014877,0.987800,0.987880,0
20141102 183015127,0.987800,0.987830,0
20141102 183015877,0.987800,0.987860,0
20141102 183017627,0.987800,0.987830,0
20141102 183017890,0.987800,0.987860,0
20141102 183018877,0.987800,0.987820,0
20141102 183019140,0.987800,0.987900,0
20141102 183020127,0.987800,0.987870,0
20141102 183020377,0.987800,0.987890,0
20141102 183020877,0.987800,0.987900,0
20141102 183021877,0.987800,0.987880,0
20141102 183022127,0.987800,0.987900,0
20141102 183022377,0.987800,0.987880,0
20141102 183022627,0.987800,0.987870,0
20141102 183022877,0.987800,0.987880,0
20141102 183028140,0.987800,0.987830,0
20141102 183030127,0.987800,0.987850,0
20141102 183039627,0.987800,0.987830,0
20141102 183039877,0.987750,0.987800,0
20141102 183040377,0.987750,0.987830,0
20141102 183050390,0.987750,0.987860,0
20141102 183051127,0.987750,0.987850,0
20141102 183051627,0.987750,0.987830,0
20141102 183058627,0.987730,0.987860,0
20141102 183058877,0.987750,0.987830,0
20141102 183109140,0.987750,0.987800,0
20141102 183110127,0.987750,0.987760,0
20141102 183112877,0.987750,0.987780,0
20141102 183114640,0.987750,0.987820,0
20141102 183115140,0.987750,0.987830,0
20141102 183115390,0.987750,0.987800,0
20141102 183115627,0.987670,0.987790,0
20141102 183115877,0.987750,0.987790,0
20141102 183116127,0.987750,0.987760,0
20141102 183117877,0.987620,0.987740,0
20141102 183119377,0.987640,0.987740,0
20141102 183120377,0.987650,0.987740,0
20141102 183120627,0.987630,0.987740,0
20141102 183120877,0.987620,0.987740,0
20141102 183121377,0.987640,0.987740,0
20141102 183122627,0.987620,0.987740,0
20141102 183122877,0.987640,0.987740,0
20141102 183123127,0.987630,0.987740,0
20141102 183123627,0.987700,0.987740,0
20141102 183123877,0.987700,0.987730,0
20141102 183124127,0.987700,0.987740,0
20141102 183126627,0.987610,0.987740,0
20141102 183127377,0.987700,0.987740,0
20141102 183142127,0.987610,0.987740,0
20141102 183152127,0.987580,0.987710,0
20141102 183153627,0.987600,0.987710,0
20141102 183154127,0.987580,0.987710,0
20141102 183156127,0.987600,0.987710,0
20141102 183156877,0.987580,0.987710,0
20141102 183200377,0.987600,0.987710,0
20141102 183200627,0.987610,0.987740,0
20141102 183204127,0.987700,0.987710,0
20141102 183204877,0.987550,0.987680,0
20141102 183205127,0.987700,0.987710,0
20141102 183205377,0.987700,0.987720,0
20141102 183205627,0.987700,0.987740,0
20141102 183211627,0.987700,0.987720,0
20141102 183222377,0.987700,0.987730,0
20141102 183222640,0.987700,0.987720,0
20141102 183223377,0.987700,0.987740,0
20141102 183225377,0.987620,0.987740,0
20141102 183225627,0.987610,0.987740,0
20141102 183229127,0.987610,0.987720,0
20141102 183229377,0.987610,0.987740,0
20141102 183230890,0.987700,0.987770,0
20141102 183231127,0.987750,0.987760,0
20141102 183231377,0.987700,0.987720,0
20141102 183239127,0.987700,0.987740,0
20141102 183248623,0.987700,0.987770,0
20141102 183317373,0.987700,0.987790,0
20141102 183318123,0.987700,0.987770,0
20141102 183323373,0.987700,0.987800,0
20141102 183328123,0.987700,0.987760,0
20141102 183328373,0.987700,0.987730,0
20141102 183328623,0.987650,0.987750,0
20141102 183331873,0.987650,0.987730,0
20141102 183332123,0.987600,0.987690,0
20141102 183332373,0.987600,0.987650,0
20141102 183332623,0.987550,0.987630,0
20141102 183332873,0.987500,0.987630,0
20141102 183333623,0.987550,0.987610,0
20141102 183333873,0.987500,0.987600,0
20141102 183334123,0.987500,0.987610,0
20141102 183334373,0.987500,0.987590,0
20141102 183334623,0.987550,0.987610,0
20141102 183334873,0.987550,0.987620,0
20141102 183335123,0.987550,0.987630,0
20141102 183335373,0.987550,0.987600,0
20141102 183335623,0.987550,0.987630,0
20141102 183335873,0.987550,0.987600,0
20141102 183348123,0.987500,0.987580,0
20141102 183349123,0.987500,0.987560,0
20141102 183354623,0.987500,0.987540,0
20141102 183359123,0.987500,0.987520,0
20141102 183402123,0.987500,0.987540,0
20141102 183408623,0.987500,0.987560,0
20141102 183412390,0.987500,0.987540,0
20141102 183421623,0.987500,0.987570,0
20141102 183421873,0.987500,0.987590,0
20141102 183422123,0.987550,0.987590,0
20141102 183422623,0.987550,0.987610,0
20141102 183434873,0.987600,0.987650,0
20141102 183435373,0.987550,0.987650,0
20141102 183439873,0.987550,0.987640,0
20141102 183442373,0.987550,0.987620,0
20141102 183442623,0.987550,0.987600,0
20141102 183442873,0.987520,0.987630,0
20141102 183443123,0.987550,0.987620,0
20141102 183443373,0.987550,0.987630,0
20141102 183443640,0.987550,0.987640,0
20141102 183447123,0.987550,0.987630,0
20141102 183448623,0.987520,0.987630,0
20141102 183449123,0.987560,0.987630,0
20141102 183449623,0.987530,0.987620,0
20141102 183451623,0.987530,0.987600,0
20141102 183451873,0.987570,0.987620,0
20141102 183455623,0.987570,0.987600,0
20141102 183455873,0.987570,0.987610,0
20141102 183500623,0.987540,0.987610,0
20141102 183504123,0.987500,0.987560,0
20141102 183504623,0.987500,0.987540,0
20141102 183504873,0.987470,0.987530,0
20141102 183505123,0.987450,0.987530,0
20141102 183505373,0.987500,0.987540,0
20141102 183505623,0.987450,0.987530,0
20141102 183505873,0.987500,0.987540,0
20141102 183506373,0.987480,0.987540,0
20141102 183506623,0.987460,0.987540,0
20141102 183507623,0.987430,0.987550,0
20141102 183507873,0.987450,0.987550,0
20141102 183508873,0.987450,0.987540,0
20141102 183509373,0.987450,0.987550,0
20141102 183509623,0.987430,0.987540,0
20141102 183509873,0.987430,0.987520,0
20141102 183510123,0.987400,0.987510,0
20141102 183512123,0.987400,0.987500,0
20141102 183513623,0.987400,0.987480,0
20141102 183513873,0.987400,0.987490,0
20141102 183514123,0.987450,0.987490,0
20141102 183514873,0.987400,0.987490,0
20141102 183515373,0.987450,0.987490,0
20141102 183515873,0.987450,0.987500,0
20141102 183523123,0.987450,0.987490,0
20141102 183523373,0.987450,0.987500,0
20141102 183523623,0.987400,0.987500,0
20141102 183524373,0.987400,0.987490,0
20141102 183525873,0.987400,0.987480,0
20141102 183526123,0.987400,0.987490,0
20141102 183527373,0.987400,0.987500,0
20141102 183529373,0.987400,0.987490,0
20141102 183529623,0.987400,0.987500,0
20141102 183531890,0.987410,0.987480,0
20141102 183532123,0.987400,0.987490,0
20141102 183532873,0.987400,0.987510,0
20141102 183533623,0.987400,0.987490,0
20141102 183534123,0.987400,0.987470,0
20141102 183535890,0.987400,0.987430,0
20141102 183536123,0.987340,0.987390,0
20141102 183536373,0.987300,0.987320,0
20141102 183536623,0.987250,0.987300,0
20141102 183536873,0.987250,0.987340,0
20141102 183537373,0.987300,0.987350,0
20141102 183537623,0.987250,0.987350,0
20141102 183537873,0.987250,0.987330,0
20141102 183538123,0.987250,0.987310,0
20141102 183538623,0.987250,0.987290,0
20141102 183538873,0.987250,0.987320,0
20141102 183539123,0.987220,0.987320,0
20141102 183539373,0.987250,0.987320,0
20141102 183539623,0.987250,0.987340,0
20141102 183540123,0.987250,0.987350,0
20141102 183540373,0.987250,0.987340,0
20141102 183540873,0.987250,0.987320,0
20141102 183541123,0.987260,0.987350,0
20141102 183541623,0.987330,0.987420,0
20141102 183541873,0.987350,0.987440,0
20141102 183542123,0.987350,0.987450,0
20141102 183542373,0.987350,0.987430,0
20141102 183542623,0.987300,0.987410,0
20141102 183542873,0.987300,0.987420,0
20141102 183543123,0.987350,0.987420,0
20141102 183543373,0.987350,0.987450,0
20141102 183543873,0.987330,0.987450,0
20141102 183544873,0.987350,0.987410,0
20141102 183545123,0.987350,0.987460,0
20141102 183545373,0.987370,0.987470,0
20141102 183545623,0.987370,0.987460,0
20141102 183546123,0.987350,0.987470,0
20141102 183546373,0.987310,0.987420,0
20141102 183546640,0.987250,0.987340,0
20141102 183546873,0.987220,0.987340,0
20141102 183549123,0.987260,0.987380,0
20141102 183549373,0.987250,0.987360,0
20141102 183549873,0.987250,0.987260,0
20141102 183550140,0.987200,0.987330,0
20141102 183550373,0.987220,0.987350,0
20141102 183550623,0.987290,0.987410,0
20141102 183550873,0.987310,0.987430,0
20141102 183551123,0.987350,0.987450,0
20141102 183551623,0.987340,0.987440,0
20141102 183554123,0.987340,0.987450,0
20141102 183555623,0.987340,0.987470,0
20141102 183557623,0.987340,0.987460,0
20141102 183557873,0.987340,0.987440,0
20141102 183559623,0.987340,0.987450,0
20141102 183601623,0.987310,0.987420,0
20141102 183601873,0.987280,0.987410,0
20141102 183602140,0.987280,0.987370,0
20141102 183602390,0.987280,0.987390,0
20141102 183602623,0.987280,0.987410,0
20141102 183602873,0.987280,0.987400,0
20141102 183603623,0.987280,0.987410,0
20141102 183604873,0.987280,0.987400,0
20141102 183606153,0.987250,0.987380,0
20141102 183606373,0.987280,0.987400,0
20141102 183606640,0.987260,0.987330,0
20141102 183607373,0.987260,0.987360,0
20141102 183608873,0.987260,0.987350,0
20141102 183609123,0.987260,0.987360,0
20141102 183610123,0.987260,0.987330,0
20141102 183611373,0.987260,0.987350,0
20141102 183611623,0.987240,0.987300,0
20141102 183611873,0.987190,0.987290,0
20141102 183612123,0.987240,0.987300,0
20141102 183612373,0.987200,0.987300,0
20141102 183612873,0.987200,0.987320,0
20141102 183613123,0.987200,0.987330,0
20141102 183614123,0.987230,0.987340,0
20141102 183614373,0.987230,0.987330,0
20141102 183620123,0.987200,0.987330,0
20141102 183621623,0.987230,0.987310,0
20141102 183621873,0.987230,0.987330,0
20141102 183622123,0.987260,0.987340,0
20141102 183624373,0.987290,0.987340,0
20141102 183627873,0.987290,0.987360,0
20141102 183628873,0.987290,0.987370,0
20141102 183630873,0.987260,0.987330,0
20141102 183631123,0.987280,0.987350,0
20141102 183633873,0.987280,0.987370,0
20141102 183634123,0.987280,0.987330,0
20141102 183634623,0.987340,0.987350,0
20141102 183634873,0.987300,0.987360,0
20141102 183635123,0.987330,0.987380,0
20141102 183635373,0.987360,0.987400,0
20141102 183635623,0.987360,0.987420,0
20141102 183635873,0.987390,0.987420,0
20141102 183637873,0.987390,0.987430,0
20141102 183638623,0.987390,0.987450,0
20141102 183638873,0.987420,0.987480,0
20141102 183639123,0.987420,0.987490,0
20141102 183647123,0.987450,0.987490,0
20141102 183649373,0.987420,0.987470,0
20141102 183703623,0.987420,0.987490,0
20141102 183705623,0.987450,0.987490,0
20141102 183706123,0.987450,0.987500,0
20141102 183706623,0.987450,0.987480,0
20141102 183707123,0.987430,0.987480,0
20141102 183707373,0.987430,0.987460,0
20141102 183707623,0.987430,0.987480,0
20141102 183709623,0.987430,0.987450,0
20141102 183709873,0.987430,0.987480,0
20141102 183710123,0.987450,0.987530,0
20141102 183710373,0.987480,0.987510,0
20141102 183710623,0.987450,0.987500,0
20141102 183710873,0.987450,0.987480,0
20141102 183711123,0.987420,0.987480,0
20141102 183712873,0.987450,0.987480,0
20141102 183713123,0.987420,0.987480,0
20141102 183713373,0.987450,0.987500,0
20141102 183713623,0.987390,0.987450,0
20141102 183713873,0.987390,0.987410,0
20141102 183714873,0.987390,0.987400,0
20141102 183716637,0.987360,0.987390,0
20141102 183718873,0.987360,0.987400,0
20141102 183720873,0.987340,0.987390,0
20141102 183721123,0.987310,0.987350,0
20141102 183721373,0.987310,0.987370,0
20141102 183723123,0.987310,0.987350,0
20141102 183724123,0.987310,0.987370,0
20141102 183725873,0.987310,0.987350,0
20141102 183726873,0.987310,0.987370,0
20141102 183728373,0.987330,0.987390,0
20141102 183728623,0.987360,0.987370,0
20141102 183729123,0.987330,0.987370,0
20141102 183729387,0.987330,0.987340,0
20141102 183729873,0.987330,0.987360,0
20141102 183730387,0.987330,0.987380,0
20141102 183732373,0.987330,0.987360,0
20141102 183733123,0.987330,0.987380,0
20141102 183735623,0.987330,0.987360,0
20141102 183739623,0.987330,0.987340,0
20141102 183739873,0.987300,0.987350,0
20141102 183750123,0.987300,0.987360,0
20141102 183750373,0.987300,0.987350,0
20141102 183758123,0.987330,0.987390,0
20141102 183758373,0.987360,0.987380,0
20141102 183759373,0.987340,0.987380,0
20141102 183800373,0.987370,0.987440,0
20141102 183800623,0.987370,0.987420,0
20141102 183806123,0.987400,0.987430,0
20141102 183806373,0.987420,0.987440,0
20141102 183807373,0.987420,0.987430,0
20141102 183807623,0.987420,0.987440,0
20141102 183809373,0.987390,0.987400,0
20141102 183809623,0.987360,0.987390,0
20141102 183809873,0.987360,0.987380,0
20141102 183810123,0.987360,0.987400,0
20141102 183810373,0.987360,0.987380,0
20141102 183811873,0.987340,0.987430,0
20141102 183812123,0.987320,0.987410,0
20141102 183812373,0.987300,0.987380,0
20141102 183812623,0.987280,0.987380,0
20141102 183812887,0.987250,0.987320,0
20141102 183813137,0.987270,0.987340,0
20141102 183815123,0.987270,0.987310,0
20141102 183815623,0.987240,0.987310,0
20141102 183816123,0.987240,0.987330,0
20141102 183816623,0.987240,0.987320,0
20141102 183818623,0.987240,0.987310,0
20141102 183819373,0.987220,0.987310,0
20141102 183819623,0.987260,0.987310,0
20141102 183820123,0.987230,0.987310,0
20141102 183820387,0.987260,0.987310,0
20141102 183821373,0.987230,0.987310,0
20141102 183826623,0.987180,0.987310,0
20141102 183826873,0.987230,0.987340,0
20141102 183827123,0.987230,0.987330,0
20141102 183827373,0.987230,0.987320,0
20141102 183827873,0.987230,0.987300,0
20141102 183829623,0.987230,0.987280,0
20141102 183831123,0.987230,0.987300,0
20141102 183831373,0.987230,0.987320,0
20141102 183833123,0.987250,0.987330,0
20141102 183833373,0.987260,0.987380,0
20141102 183833623,0.987260,0.987340,0
20141102 183833887,0.987260,0.987360,0
20141102 183834623,0.987260,0.987340,0
20141102 183835623,0.987260,0.987360,0
20141102 183836623,0.987260,0.987370,0
20141102 183836873,0.987260,0.987330,0
20141102 183837887,0.987260,0.987320,0
20141102 183838123,0.987260,0.987340,0
20141102 183840373,0.987260,0.987320,0
20141102 183841123,0.987230,0.987300,0
20141102 183841373,0.987230,0.987280,0
20141102 183842123,0.987230,0.987310,0
20141102 183849123,0.987230,0.987300,0
20141102 183854623,0.987230,0.987320,0
20141102 183856623,0.987230,0.987290,0
20141102 183856873,0.987230,0.987310,0
20141102 183857623,0.987230,0.987290,0
20141102 183857873,0.987230,0.987280,0
20141102 183858123,0.987230,0.987260,0
20141102 183859373,0.987230,0.987270,0
20141102 183903623,0.987230,0.987260,0
20141102 183903873,0.987230,0.987250,0
20141102 183904373,0.987230,0.987260,0
20141102 183904623,0.987230,0.987250,0
20141102 183905137,0.987230,0.987280,0
20141102 183905373,0.987260,0.987290,0
20141102 183905637,0.987290,0.987300,0
20141102 183908373,0.987290,0.987310,0
20141102 183909623,0.987290,0.987300,0
20141102 183909873,0.987110,0.987220,0
20141102 183910123,0.987210,0.987220,0
20141102 183910373,0.987160,0.987220,0
20141102 183910623,0.987170,0.987180,0
20141102 183911373,0.987150,0.987170,0
20141102 183911873,0.987180,0.987300,0
20141102 183912123,0.987150,0.987170,0
20141102 183914873,0.987170,0.987240,0
20141102 183915123,0.987190,0.987250,0
20141102 183915373,0.987240,0.987250,0
20141102 183916373,0.987240,0.987270,0
20141102 183916873,0.987240,0.987260,0
20141102 183917373,0.987240,0.987250,0
20141102 183917887,0.987240,0.987280,0
20141102 183918373,0.987240,0.987260,0
20141102 183920123,0.987210,0.987330,0
20141102 183920387,0.987130,0.987190,0
20141102 183920637,0.987100,0.987180,0
20141102 183921123,0.987100,0.987170,0
20141102 183921623,0.987100,0.987160,0
20141102 183922123,0.987100,0.987180,0
20141102 183922373,0.987100,0.987160,0
20141102 183922623,0.987100,0.987180,0
20141102 183922873,0.987100,0.987190,0
20141102 183925873,0.987080,0.987180,0
20141102 183926373,0.987080,0.987200,0
20141102 183926623,0.987110,0.987200,0
20141102 183926873,0.987110,0.987180,0
20141102 183927123,0.987110,0.987170,0
20141102 183927373,0.987110,0.987150,0
20141102 183928873,0.987110,0.987160,0
20141102 183929623,0.987140,0.987150,0
20141102 183936373,0.987140,0.987170,0
20141102 183936623,0.987140,0.987150,0
20141102 183937123,0.987140,0.987170,0
20141102 183937873,0.987140,0.987160,0
20141102 183943623,0.987110,0.987140,0
20141102 183943873,0.987120,0.987160,0
20141102 183944123,0.987090,0.987180,0
20141102 183944373,0.987120,0.987160,0
20141102 183945373,0.987120,0.987180,0
20141102 183948873,0.987120,0.987160,0
20141102 183949123,0.987120,0.987180,0
20141102 183951623,0.987090,0.987220,0
20141102 183951873,0.987110,0.987190,0
20141102 183952123,0.987110,0.987180,0
20141102 183956623,0.987110,0.987220,0
20141102 183956873,0.987150,0.987280,0
20141102 183957123,0.987250,0.987280,0
